1810 2947
159 91 558 162 RANARUM
601 100 691 150 ET
738 78 1093 148 Murrum
1136 75 1425 151 PUGNA.
1489 99 1609 171 139

78 202 541 284 Ac'cusantibus
594 220 819 271 autem
878 198 1027 293 ipsis
1073 254 1090 283 ,
1138 197 1609 293 Phyfignathus
1693 280 1706 295 ⁴

362 301 513 368 dixit
537 295 811 389 surgens
838 321 853 362 ε
1620 349 1628 356 ,

168 403 234 468 O
255 400 445 467 amici
470 448 488 473 ‚
517 418 653 468 non
674 393 888 470 occidi
908 413 1040 485 ego
1065 393 1341 464 Murem
1359 445 1374 472 ‚
1396 414 1611 485 neque

300 575 305 580 ,
366 494 492 561 vidi
1193 520 1200 527 ·

82 593 476 665 percuntem
505 614 517 654 :
551 592 829 658 omnino
848 581 1204 662 suffocatus
1227 582 1318 654 est
1339 640 1355 668 ‚
1383 584 1613 657 ludens

352 693 536 775 juxta
561 686 801 759 lacum.

83 788 368 861 Natatus
394 786 727 853 Ranarum
748 785 1073 862 imitalus:
1113 778 1203 859 illi
1227 799 1449 850 autem
1474 776 1608 872 pes-

367 876 508 946 suni

87 980 150 1048 N
156 999 283 1047 unc
308 998 416 1045 me
437 971 740 1044 accusant
763 974 1125 1045 innoxium.
1153 969 1284 1040 Sed
1305 991 1432 1064 age
1461 993 1618 1041 eon-

326 1071 535 1140 filium

90 1173 501 1260 Inquiramus
531 1220 548 1248 ‚
591 1184 665 1237 ut
710 1165 978 1237 dolosos
1030 1166 1268 1234 Mures
1303 1161 1610 1258 deperda-

326 1288 492 1333 mus.

85 1364 337 1439 Etenim
356 1385 486 1452 ego
508 1359 718 1438 dicam
738 1378 808 1433 ut
837 1356 994 1427 mihi
1019 1356 1271 1434 videtur
1296 1353 1424 1426 effe
1446 1359 1614 1454 opti-

363 1481 580 1527 mum:

87 1557 399 1645 Corpora
423 1556 636 1623 ornati
658 1554 859 1622 armis
885 1605 897 1627 ‚
921 1547 1164 1621 stemus
1191 1546 1469 1621 univerfi

88 1650 397 1718 Summas
424 1656 612 1739 juxta
634 1653 839 1740 ripa5‚
874 1647 980 1715 ubi
1009 1645 1530 1741 praeeepslocuS.

92 1751 265 1816 Cum
294 1770 513 1816 autem
556 1750 806 1839 impetu
844 1742 1020 1814 fabio
1065 1749 1129 1811 in
1153 1765 1274 1813 nos
1298 1748 1614 1824 venerint,

7 1880 9 1883 ·
88 1847 489 1937 Arripientes
513 1845 789 1934 galeaS,
845 1846 1218 1932 quicunque
1264 1861 1477 1935 prope
1499 1840 1618 1910 ob-

363 1941 531 2008 viam
557 1942 842 2018 venerit,

87 2040 163 2106 ln
184 2036 401 2106 laeum
432 2030 610 2128 ipsos
659 2056 813 2105 cum
861 2038 1059 2110 armis
1097 2028 1308 2103 statim
1359 2031 1614 2123 dejicia

368 2154 532 2202 mus,

5 2245 7 2251 ·
87 2231 192 2299 Sic
216 2233 391 2298 enim
434 2225 830 2299 suffocantes
850 2229 915 2297 in
964 2228 1148 2318 aquis
1175 2244 1476 2319 expertes
1500 2245 1608 2298 na-

359 2325 557 2405 tandss

92 2419 585 2495 Constituemus
606 2419 896 2492 hilariter
934 2417 1146 2489 statim
1174 2421 1476 2495 Murium
1499 2440 1612 2497 oc-

367 2517 648 2597 cisorum
666 2518 768 2591 hic
794 2538 1134 2612 tropaeum.

1499 2681 1609 2774 Sic
