1810 2947
196 144 278 219 92,=
741 127 801 195 A
844 147 886 197 v
927 145 953 191 1
997 146 1029 194 E
1066 147 1117 195 ’N
1158 147 1184 195 Ι

813 247 1126 316 S1M1A.
1624 271 1721 341 14

196 347 452 440 Jupiter
474 345 537 412 in
557 358 704 411 toto
727 343 1064 432 quondam
1091 339 1464 434 quaefiverat
1484 346 1671 430 orbe,

259 441 548 510 Munera
571 457 881 506 natorum
903 444 1010 528 qui
1033 438 1305 508 meliora
1328 440 1509 509 daret
1533 466 1544 506 :

199 540 523 610 Certatim
545 534 625 603 ad
655 536 904 627 Regem
929 539 1130 604 currit
1164 559 1375 627 genus
1398 552 1600 609 omne
1628 537 1717 607 fe-

478 654 701 700 rarum
729 683 744 708 ‚

259 730 799 817 Permixtumque
832 724 1076 796 homini
1099 730 1361 817 cogitur
1384 731 1476 796 ire
1499 750 1717 820 pecus.

197 827 331 895 Sed
352 847 472 894 nec
494 823 880 915 squamigeri
903 821 1125 891 desunt
1146 823 1228 891 ad
1235 829 1451 913 jurgia
1473 823 1671 913 pisces
1697 878 1713 903 ‚

259 927 337 992 Et
374 920 680 1013 quidquid
705 921 1054 989 volucrum
1091 922 1314 1010 purior
1335 941 1492 989 aura
1516 920 1719 992 vehit:

197 1022 375 1088 Inter
417 1038 586 1108 quos
620 1016 878 1108 trepidae
918 1016 1237 1084 ducebant
1264 1019 1541 1107 pignora
1583 1038 1717 1085 ma-

262 1114 520 1208 Judicio
540 1116 698 1181 tanti
722 1110 1107 1180 discutienda
1137 1115 1272 1178 Dei.
1529 1114 1717 1201 (treS,

202 1215 397 1281 Tunc
439 1210 648 1279 brevis
683 1206 1039 1276 informem
1079 1206 1364 1276 traheret
1404 1230 1611 1299 quum
1644 1205 1719 1281 Β,

485 1325 614 1374 mia
645 1323 872 1372 natum
897 1357 911 1381 ,

259 1401 479 1495 Ipsum
502 1401 630 1469 etia
672 1406 733 1467 in
760 1396 953 1467 risum
977 1398 1299 1489 compulit
1321 1397 1427 1466 illa
1447 1401 1722 1489 Jovem:

200 1503 392 1570 Hanc
431 1519 653 1568 tamen
693 1516 843 1567 ante
888 1494 1044 1565 alias
1084 1499 1323 1586 rumpit
1364 1491 1724 1587 turpissima

482 1614 720 1662 vocem
749 1644 764 1670 ‚

266 1695 448 1761 Dum
472 1692 747 1782 genitrix
769 1691 1019 1756 crimen
1043 1683 1125 1754 sic
1149 1685 1416 1755 abolere
1438 1690 1615 1778 cupit
1641 1714 1655 1751 ε

207 1788 615 1881 Jupiter-hoc
643 1788 813 1852 norit
853 1803 1110 1851 maneat
1133 1780 1396 1850 victoria
1418 1779 1461 1848 fi
1483 1803 1680 1872 quem
1703 1836 1720 1865 ,

267 1883 526 1977 Judicio
545 1879 827 1972 superest
847 1879 1148 1949 omnibus
1171 1875 1283 1945 iste
1310 1898 1482 1946 meo,

611 1974 1275 2044 GRUS&P-Avo.
1633 1987 1726 2062 15.

212 2074 587 2144 Threiciam
608 2073 949 2141 volucrem
970 2067 1174 2138 fertur
1196 2072 1518 2161 Junonius
1536 2066 1671 2138 ales

278 2173 641 2240 Communi
674 2166 918 2236 sociam
942 2162 1335 2235 continuasse
1359 2165 1525 2233 cibo,

213 2270 456 2356 Namq;
475 2271 641 2333 inter
664 2267 868 2332 varias
891 2261 1098 2334 fuerat
1121 2260 1430 2329 discordia
1453 2257 1723 2339 formas,

279 2367 664 2452 Magnaque
688 2358 765 2426 dc
789 2359 955 2427 facili
967 2362 1181 2448 jurgia
1207 2357 1316 2424 lite
1341 2354 1640 2432 trahunt:

210 2460 416 2553 Quod
437 2454 545 2526 fibi
569 2456 964 2524 multimodo
994 2451 1323 2546 fulgerent
1347 2451 1647 2526 membra

486 2553 735 2620 ’decore
760 2603 777 2629 ‚

219 2655 223 2659 ’
273 2649 644 2753 Caeruleam
665 2645 956 2722 facerent
978 2642 1164 2721 livida
1185 2661 1371 2739 terga
1391 2661 1641 2741 gruem·
1661 2732 1741 2806 Et
