1810 2947
128 104 520 190 Quinum
564 119 655 170 ετ
701 100 1047 171 Munium
1094 121 1392 172 PUGNA.
1462 126 1584 190 127

45 230 127 298 Et
148 229 332 298 calce
354 227 600 319 arripio
621 278 637 306 ,
664 248 787 295 nec
812 224 1008 296 dolor
1028 245 1318 320 occupat
1342 229 1581 310 virum.

46 329 274 397 Suavis
300 346 433 392 non
455 319 709 414 aufugit
732 322 1003 393 somnus
1022 377 1041 403 ,
1078 325 1430 396 mordente
1453 348 1581 394 me.

45 413 178 493 Sed
203 425 336 491 duo
353 418 521 500 sunt,
544 442 686 512 quae
705 421 894 491 valde
916 423 1145 503 timec,
1165 443 1439 492 omnem
1464 444 1583 517 per

327 538 576 591 terram
604 570 620 596 ‚

53 617 445 708 Accipitrem
467 612 530 683 8<
556 609 756 682 felem
776 666 792 693 ‚
835 616 947 704 qui
969 611 1123 681 mihi
1145 636 1466 707 magnum
1489 615 1583 685 lu«

331 708 509 782 <stum
533 709 867 792 adferunt;

49 813 125 879 Et
147 807 449 899 decipulfi
470 804 826 875 ludiuosam
846 859 862 887 ‚
888 805 997 874 ubi
1020 801 1241 876 dolosa
1265 805 1355 875 est
1379 828 1582 878 mors⁴

49 907 418 975 Plurimum
439 902 587 973 sane
608 901 807 970 felem
834 924 967 995 prae
987 909 1226 971 ceteris
1249 908 1455 973 timeo
1479 958 1495 985 ‚
1534 903 1584 973 fi

331 1022 472 1091 quae
495 1003 781 1070 maxime
802 997 1058 1069 strenua
1077 1053 1093 1077 ‚
1340 1005 1584 1093 (quirit.

52 1099 220 1189 Quae
250 1093 314 1165 &
339 1096 655 1165 latebram
675 1094 1057 1167 subeuntem
1082 1099 1145 1163 in
1172 1095 1419 1166 latebra
1438 1120 1585 1190 per-

50 1199 207 1265 Non
227 1192 515 1263 comedo
539 1192 893 1287 raphanOS,
915 1215 1050 1262 non
1066 1194 1454 1280 caulesmon
1476 1218 1590 1265 cu<-

331 1290 616 1359 curbitas
635 1342 652 1368 ‚

53 1389 209 1457 Non
234 1386 398 1455 betis
419 1387 722 1458 viridibus
745 1384 1000 1478 pascor,
1020 1408 1237 1478 neque
1259 1390 1435 1480 apiis„

21 1519 23 1521 ·
50 1487 136 1551 Hi
160 1486 334 1552 enim
356 1480 546 1551 vestri
566 1480 709 1553 sunt
730 1482 851 1552 cibi
870 1537 887 1565 ,
913 1488 1111 1575 quiin
1137 1486 1291 1552 lacu
1331 1483 1586 1571 [versa-

332 1582 513 1649 mini.
528 1580 563 1666 ]
1027 1576 1057 1665 <
1071 1601 1169 1650 tra
1182 1582 1456 1655 elocutus
1472 1581 1587 1652 est=

54 1674 151 1744 Ad
178 1674 314 1744 haec
334 1696 555 1746 autem
579 1673 909 1745 subridens
930 1675 1405 1769 Phyfignathus
1426 1702 1585 1748 con-

139 1777 204 1843 O
229 1774 505 1866 Hospes,
539 1773 727 1841 vaide
750 1773 1052 1864 gloriaris
1073 1776 1155 1845 de
1176 1796 1425 1845 ventre.
1473 1778 1583 1845 ad-

330 1869 473 1939 sunt
497 1865 560 1937 &
586 1868 773 1938 nobis
1380 1873 1543 1957 (visu
1561 1927 1579 1942 .

54 1964 279 2035 Multa
314 1966 501 2035 valde
537 1971 599 2035 in
647 1967 796 2035 lacu
840 1962 903 2035 8(
948 1971 1009 2036 in
1044 1989 1221 2041 terra
1262 1970 1580 2042 mirabilia

54 2066 419 2155 Ancipitem
446 2068 617 2131 enim
641 2062 814 2131 dedit
835 2067 1086 2134 vivendi
1109 2072 1429 2137 rationem
1455 2071 1580 2139 Rae

334 2164 429 2229 nis
451 2160 789 2230 Saturnius
807 2162 1068 2252 Jupiter
1090 2217 1105 2241 ,
1382 2166 1411 2258 (
1435 2169 1582 2234 rire.

57 2254 313 2324 Saltarc
336 2278 453 2349 per
474 2253 811 2336 terram‚&
827 2255 940 2328 sub
959 2265 1141 2353 aquis
1159 2281 1403 2354 corpus
1423 2284 1582 2355 ope-

52 2353 121 2418 Si
140 2371 363 2420 autem
389 2358 480 2422 vis
505 2350 567 2421 &
596 2353 731 2424 haec
752 2353 933 2433 scire,
962 2360 1043 2425 ad
1067 2381 1338 2428 manum
1362 2357 1473 2427 est.

54 2446 344 2517 Gestabo
368 2468 432 2517 te
455 2448 763 2520 humeris.
801 2453 907 2523 Tu
930 2474 1155 2525 autem
1179 2474 1328 2525 tene
1355 2477 1579 2539 me,ne

333 2541 506 2615 forte
527 2568 759 2638 pereas
781 2601 797 2627 ‚
1233 2610 1238 2629 2

53 2642 146 2712 Ut
171 2640 357 2712 laetus
378 2646 443 2712 in
478 2663 697 2719 meam
718 2645 995 2718 domum
1019 2652 1266 2721 venias,-

1471 2744 1580 2816 Sic
