1810 2947
99 87 491 155 RANARUM
538 96 624 145 ετ
672 75 1017 145 Mummi
1064 67 1360 144 PUGNAL
1429 89 1551 169 143

22 214 88 282 O
113 207 250 279 filia
276 260 291 285 ‚
316 201 617 273 muribus
636 201 956 292 numquid
978 199 1367 271 auxiliatura
1387 196 1504 269 ibis
1525 216 1550 268 .>

22 310 274 378 Etenim
317 322 506 372 tuum
534 319 655 391 per
692 300 1019 392 templum
1064 297 1326 389 semper
1351 297 1556 368 exsul-

306 417 444 467 tant
467 392 745 463 univerfi
785 448 802 473 ‚

27 498 260 582 Odore
286 490 579 562 deletstati
606 489 669 560 ἃ
694 492 947 560 cibariis
972 513 1054 559 ex
1073 488 1422 560 sacrificiis.

116 597 225 662 Sic
246 593 405 660 dixit
428 592 786 658 Saturnius
834 592 1006 657 hunc
1033 608 1258 659 autem
1306 586 1556 665 allocu-

308 707 372 756 ta
396 683 486 753 est
516 684 764 753 Pallas:

27 792 93 858 O
117 804 303 882 pater
330 836 347 863 ,
374 804 508 851 non
530 780 709 850 certe
732 792 1020 872 unquam
1067 802 1200 872 ego
1245 782 1558 853 Muribus

296 899 541 947 vexans

34 980 350 1050 Venerim
372 971 739 1044 auxiliatrix
759 1026 775 1052 ,
804 978 1126 1065 quoniam
1151 974 1326 1045 mala
1348 975 1559 1048 multa

305 1071 456 1140 mihi
481 1069 815 1150 fecerunt,
1279 1072 1556 1150 (oleum.

32 1173 338 1240 Coronas
357 1166 760 1235 destruentes
787 1219 804 1247 ,
832 1163 895 1235 8<
918 1167 1256 1249 lucernas,
1282 1162 1557 1263 propter

30 1270 182 1337 Hoc
227 1282 450 1334 autem
498 1285 726 1332 mcum
779 1263 965 1332 valde
1015 1266 1380 1336 momordit
1426 1271 1559 1339 ani-

304 1382 513 1438 mum,
541 1359 719 1450 quod
742 1357 1040 1430 fecerunt
1064 1386 1078 1425 :

28 1456 312 1551 Peplum
336 1478 559 1525 meum
582 1455 1038 1538 corroserunt,
1070 1479 1272 1548 quem
1292 1464 1470 1530 texui

310 1553 619 1622 laborans

28 1653 122 1718 Ex
146 1667 356 1719 trama
381 1650 626 1728 subtili,
655 1645 718 1717 ἃ
745 1648 991 1718 stamen
1015 1647 1239 1720 subtile
1262 1654 1408 1722 nevi
1421 1683 1440 1732 ς

28 1749 436 1837 Foraminaq3
458 1744 794 1814 fecerunt:
838 1766 901 1814 at
928 1744 1106 1815 sutor
1130 1744 1281 1814 mihi
1306 1747 1552 1830 institit,

27 1845 303 1933 Exigitq3
325 1839 362 1909 ἐι
389 1865 495 1910 me
517 1840 961 1931 usuras.hujus
978 1838 1188 1935 grati&
1210 1848 1371 1914 irata
1394 1843 1554 1916 sum.

32 1944 344 2009 Mutuata
364 1943 536 2007 enim
556 1943 902 2031 texui‚neq;
921 1936 1181 2032 poffum
1198 1939 1553 2011 restituere.
1589 2022 1596 2025 ,

31 2037 161 2105 Sed
182 2058 390 2126 neque
407 2032 491 2103 fic
515 2038 709 2103 Ranis
731 2032 901 2105 ferre
946 2035 1269 2129 suppetias
1319 2039 1512 2108 velim
1532 2068 1551 2107 ε

30 2134 198 2203 Sunt
222 2136 393 2202 enim
417 2153 629 2222 neque
651 2131 792 2223 ipijae
816 2135 1141 2204 mentibus
1163 2134 1323 2206 sanae
1349 2188 1367 2218 ,
1405 2157 1551 2227 quae

301 2251 411 2297 me
427 2225 717 2322 primum

32 2324 124 2391 Ex
144 2321 323 2392 bello
343 2326 724 2394 redeuntem
755 2379 770 2407 ‚
796 2324 1142 2418 postquam
1167 2327 1357 2399 valde
1380 2322 1556 2398 defa-

304 2423 514 2511 tigata
531 2419 644 2503 fui,
1265 2427 1557 2517 (tuentes

32 2513 266 2583 Somni
288 2536 597 2606 egentem
634 2571 652 2598 ‚
701 2541 835 2589 non
858 2519 1288 2613 permiserunt
1313 2523 1558 2593 tumui-

33 2610 164 2682 Vel
182 2632 422 2780 Ρτιτὲιῃ
440 2612 698 2697 nietam
721 2637 853 2710 ego
873 2629 1027 2693 aute
1049 2615 1358 2694 insomnis
1381 2626 1556 2711 jace-

353 2729 462 2781 am
1431 2722 1486 2787 C
1492 2741 1558 2788 a·
