1810 2947
14 82 464 153 ‘RANARUM
509 103 601 150 Ετ
651 82 1016 150 Mintur«
1061 101 1373 150 PUGNA.
1442 100 1566 165 117

31 201 370 274 eversione
409 202 657 296 stagni,
703 204 1060 293 cogitaret.
1129 204 1214 268 Ni
1259 199 1559 272 misertus

26 300 417 394 Reipublicae
466 297 807 392 gentisque
853 294 1312 389 ,antiquiss‘rmae
1382 301 1558 368 Deo-

10 419 181 466 rum
204 398 400 467 Pater
421 450 437 477 ,
475 394 749 467 fulmine
773 418 850 464 ac
874 400 1121 465 tonitru
1144 400 1433 487 receptui
1459 417 1556 463 re-

27 492 227 586 pente
246 492 588 563 cecinisset.
634 493 841 581 Quod
881 489 1218 561 confilium
1242 514 1396 560 cum
1420 490 1556 561 fru-

25 588 155 662 stra
191 586 554 670 ceci-differ,
624 610 839 681 neque
890 587 1165 658 inhiberi
1199 587 1555 680 generosus

26 687 456 780 Meridarpax
478 683 1193 780 poffet‚cancri‚saevum
1216 686 1456 754 animal
1481 708 1558 754 ac

23 782 274 859 dirum,
300 804 499 874 tergo
522 786 817 852 Murium
845 777 884 848 a
903 784 1071 872 Jove
1095 779 1370 847 immissi.
1419 783 1558 873 Qi

24 876 225 956 cum,
270 902 451 949 novo
470 898 667 969 atque
685 876 988 946 inusitato
1029 877 1180 946 belli
1219 875 1550 954 facinore,

27 974 268 1045 caudas
287 975 655 1045 instantium
678 971 993 1066 pedesque
1013 997 1246 1064 parum
1271 977 1556 1044 comiter

24 1072 403 1142 invaderent
426 1095 504 1140 ac
528 1066 915 1140 dissecarent
939 1124 954 1148 ‚
996 1073 1067 1138 iis
1091 1094 1356 1162 quoque
1392 1070 1555 1160 fuga

26 1168 295 1260 placuit.
369 1169 470 1237 Ita
505 1171 800 1237 maximo
843 1165 881 1234 a
921 1168 1228 1237 Muribus
1267 1163 1556 1237 succeffu

23 1263 465 1348 decertatum.
517 1268 750 1334 Donec
772 1268 864 1333 ira
886 1267 1070 1356 Jovis
1093 1287 1169 1333 ac
1202 1288 1336 1333 nox
1360 1270 1558 1334 inter-

25 1364 233 1431 venit:
288 1381 358 1432 ut
382 1365 492 1451 qui
515 1361 705 1439 belli,
738 1361 910 1428 idem
938 1358 1001 1428 8<
1029 1359 1313 1429 dieifinis
1335 1359 1510 1430 esset.

98 1461 321 1548 Atque
344 1457 475 1526 haec
497 1456 758 1547 quidem
786 1457 1071 1548 Regibus
1108 1457 1555 1549 Phyfignatho

25 1546 92 1620 8<
134 1550 478 1623 Troxartz'i
505 1551 685 1644 gesta
725 1552 900 1623 sunt.
963 1549 1119 1646 Qua
1154 1555 1555 1647 Olympiade

22 1651 420 1718 Graecorum
441 1703 456 1728 ‚
484 1672 621 1740 quo
646 1649 908 1719 Athenis
938 1648 1328 1742 Magistratu
1358 1704 1373 1730 ,
1421 1655 1557 1741 qui-

21 1745 145 1815 bus
182 1748 412 1815 Romae
440 1747 726 1838 Regibus
769 1744 1264 1826 Consulibusvc,
1318 1770 1400 1815 ex
1425 1754 1550 1816 An-
1636 1751 1644 1758 ’

20 1842 269 1911 nalium
312 1847 637 1911 memoria
676 1846 783 1910 vix
822 1841 1115 1922 constat:
1175 1841 1303 1911 five
1351 1846 1555 1935 negli-

22 1936 244 2029 gentia
278 1961 554 2017 eorum,
602 1937 729 2006 five
750 1938 925 2029 quod
962 1939 1239 2009 illustres
1283 1940 1551 2009 nullaein

23 2037 356 2105 Ranarum
378 2039 808 2126 Mariumque
829 2056 1026 2127 gente
1046 2038 1126 2105 ad
1155 2057 1411 2106 aetatem
1436 2061 1552 2107 no-

24 2127 224 2201 stram
257 2131 526 2224 epochae
563 2137 986 2224 reperiantur.
1036 2136 1284 2202 Poe'ma
1308 2134 1387 2202 ad
1412 2136 1549 2203 Ho.
1616 2221 1620 2226 ¹

25 2249 289 2296 merum
312 2232 418 2318 qui
456 2225 749 2297 referunt
775 2283 789 2305 ‚
820 2233 1030 2320 magis
1057 2234 1253 2297 animi
1275 2230 1548 2319 judici0,

26 2320 228 2413 quam
251 2325 462 2392 oculis
485 2370 502 2399 ,
527 2325 840 2395 vacillant.
872 2328 1115 2393 Praeivit
1137 2327 1564 2416 gravioribus

22 2421 303 2487 Homeri
342 2421 648 2511 operibus
693 2425 756 2490 in
799 2418 985 2489 usum
1012 2427 1367 2509 Juventutis
1391 2422 1552 2514 quis-

0 2518 165 2606 -quis
191 2534 386 2585 autor
408 2513 500 2585 est
521 2547 538 2597 3
569 2539 702 2586 non
730 2538 917 2586 aetate
941 2537 1052 2588 aut
1073 2538 1380 2612 tempore
1404 2572 1419 2601 ‚
1444 2517 1551 2588 sed

22 2615 340 2684 exercitio
361 2609 426 2685 ἃ
449 2634 877 2710 argumente.
1633 2687 1635 2689 ,

845 2711 910 2780 H
953 2729 990 2801 3
1017 2786 1021 2790 .
1414 2709 1476 2779 N
1481 2732 1552 2780 o-
