1810 2947
238 48 522 201 296v⁴
784 104 1225 174 Avxssnr'

240 226 590 319 Indignum
614 225 908 298 referens
931 226 1175 299 curreris
1196 239 1489 300 certam&
1513 227 1758 313 haberi,

302 325 510 417 Qod
533 329 775 393 meritis
798 327 1012 393 nullus
1029 322 1091 393 se
1113 325 1386 396 sociaret
1411 324 1658 396 honor:

242 424 419 490 Nam
439 422 598 488 mihi
621 420 899 488 deduclii
916 421 1180 513 surgens
1200 428 1262 490 in
1288 423 1503 491 nubila
1520 445 1766 515 corpus

307 522 368 585 V
379 522 591 587 erticis
611 515 851 586 crecias
874 518 1040 586 tollit
1064 526 1124 584 in
1147 517 1313 587 astra
1331 542 1582 596 comas,
1601 527 1756 601 (rur,

244 614 575 706 Puppibus
599 611 661 681 8(
687 615 919 705 patulis
941 615 1153 682 media
1176 637 1329 681 cum
1372 614 1514 682 sede
1539 617 1762 684 locan-

307 714 382 779 In
410 734 515 777 me
538 708 870 801 suspensos
896 712 1176 801 explicat
1196 732 1352 778 aura
1375 708 1559 778 finus.

245 810 329 877 At
360 808 467 876 tibi
502 806 870 874 deformem
890 807 1065 896 quud
1087 807 1238 875 dant
1267 804 1507 896 spineta
1526 805 1764 898 figurfi,

312 901 449 973 Des
445 901 700 994 poclum
721 901 929 970 cuncti
952 906 1325 994 praeteriere
1349 906 1486 969 viri.
1619 900 1765 987 (ris,

248 997 362 1067 Ille
387 998 795 1074 refert-,nunc
820 1000 955 1068 laeta
980 1000 1242 1088 quidem
1265 999 1436 1066 bona
1456 993 1593 1067 sola
1614 996 1769 1068 fate·

310 1100 383 1164 Et
407 1093 638 1165 nostris
657 1093 892 1164 frueris
914 1093 1258 1185 imperiosa
1283 1095 1487 1162 malis,

247 1192 377 1260 Sed
414 1215 619 1282 quum
659 1190 887 1282 pulcra
922 1195 1138 1259 minax
1169 1189 1448 1259 succidet
1476 1188 1769 1259 membra

531 1285 768 1355 securis
790 1341 806 1367 ‚

319 1381 544 1477 Qum
569 1384 768 1451 velles
798 1383 1008 1476 spinas
1033 1402 1186 1451 tunc
1209 1378 1490 1451 habuisse
1516 1381 1725 1450 meas!

535 1476 1484 1548 ffiscmongcffiscxs.
1675 1496 1778 1543 20.

252 1574 536 1646 Piscator
556 1573 777 1643 solitus
800 1576 1083 1668 praedam
1107 1571 1487 1665 suspendere
1510 1569 1641 1639 serii
1667 1623 1683 1650 ‚

316 1676 543 1763 Exigui
570 1667 753 1762 piscis
777 1674 903 1740 vile
928 1671 1222 1741 trahebat
1247 1692 1417 1739 onus
1526 1669 1772 1758 (auras,

253 1768 386 1838 Sed
422 1766 769 1859 postquam
792 1768 1053 1860 superas
1087 1788 1351 1858 captum
1375 1766 1672 1856 perduxit
1696 1762 1778 1833 ad

322 1869 539 1954 Atque
559 1862 751 1931 avido
771 1862 977 1932 fixum
1003 1865 1233 1942 vulnus
1267 1862 1347 1930 ab
1371 1884 1486 1928 ore
1508 1857 1684 1926 tulit:

255 1957 461 2030 Parce
485 1981 725 2052 precor
745 1958 1017 2054 supplex
1043 2013 1057 2041 ,
1081 1960 1390 2050 lacrymis
1411 1953 1644 2025 affatur
1667 1953 1782 2024 ob⁴

536 2059 700 2124 ortis
723 2109 739 2134 ‚
1603 2052 1779 2141 (res,>

312 2154 487 2219 Nam
513 2173 753 2242 quanta
776 2173 856 2217 cx
877 2149 1104 2220 nostro
1127 2171 1410 2241 corpore
1430 2148 1667 2216 damna
1693 2144 1781 2212 fe-

258 2250 366 2316 Nu
378 2271 455 2315 nc
476 2271 585 2316 me
607 2245 841 2317 saxofis
860 2252 1137 2338 genitrix
1157 2244 1432 2314 fecunda
1450 2243 1562 2312 sub
1584 2245 1782 2311 antris

322 2344 524 2422 Fudit,
553 2342 615 2412 &
642 2349 705 2412 in
731 2349 1013 2436 propriis
1041 2343 1260 2410 ludere
1272 2337 1447 2430 justit
1470 2343 1672 2428 aquis.

259 2439 459 2509 Tolle
484 2444 716 2519 mina3‚
741 2460 1175 2529 tenerumque
1197 2443 1322 2508 tuis
1343 2435 1468 2505 fine
1492 2434 1783 2504 crescere

547 2532 781 2604 menfis
801 2588 817 2614 ,

324 2633 482 2702 Haec
500 2631 610 2707 tibi
632 2654 741 2707 me
772 2629 1028 2708 rursum
1051 2629 1287 2716 littoris
1311 2626 1483 2705 unda
1507 2624 1716 2794 dabge

1678 2740 1786 2792 ΥΟ·
