1810 2947
207 144 294 215 94
748 122 1176 192 Avxnur

204 242 322 316 Ast
350 255 482 337 ego'
526 240 863 334 surgentes
901 243 1221 336 paulatim
1261 241 1578 318 demoror
1615 270 1726 320 au-

483 338 654 408 stros
675 395 691 420 ,
1338 363 1351 365 ”

263 441 338 507 Et
359 442 654 528 quamvis
674 435 918 505 levibus
939 435 1213 528 provida
1237 437 1403 507 cedo
1427 445 1617 511 notis,

199 534 276 603 In
302 554 413 603 tua
437 554 805 625 praeruptus
827 528 1101 622 offendit
1125 535 1370 604 robora
1394 539 1674 616 nimbus,

263 632 564 699 Motibus
583 651 744 699 aura
773 635 935 697 meis
959 627 1286 703 ludificata
1311 638 1493 721 perit.
1535 635 1715 725 (stra,

196 729 351 795 Haec
375 746 496 795 nos
515 724 674 794 dieta
694 731 1242 817 monent‚magnis
1262 725 1566 798 obfistere
1587 731 1717 799 fru-

254 824 705 914 Paulatimque
728 843 947 892 truces
967 821 1354 914 exsuperare
1377 829 1580 895 minas
1597 878 1611 891 .

289 950 292 953 *
478 918 1435 988 VENATOR&T1GR18.
1617 943 1714 998 17.

192 1014 495 1085 Venator
502 1016 737 1104 jaculis
762 1015 931 1085 haud
955 1020 1130 1083 irrita
1153 1017 1421 1084 vulnera
1439 1030 1714 1109 torques

249 1114 587 1182 Turbabat
610 1114 861 1205 rapidas
884 1135 1005 1205 per
1028 1112 1133 1181 sua
1160 1110 1353 1179 lustra
1378 1107 1573 1182 feras.
1608 1143 1610 1149 ¹

186 1204 298 1275 Τι’]
318 1210 564 1301 pavidis
586 1210 797 1278 audax
814 1215 1083 1301 cupiens
1096 1206 1476 1277 succurrere
1492 1214 1714 1302 Tigris

254 1305 553 1374 Verbere
574 1327 950 1375 commotas
971 1302 1144 1392 juffit
1163 1302 1374 1372 adeffe
1397 1309 1623 1375 minas.

181 1400 305 1470 Ille
326 1422 548 1470 tamen
573 1399 764 1471 solito
787 1422 1238 1491 contorquens
1258 1402 1384 1469 tela
1411 1403 1661 1470 lacerto
1688 1452 1704 1483 ,

242 1499 307 1564 N
314 1521 438 1566 unc
458 1499 567 1566 tibi
595 1493 801 1587 qualis
823 1519 1030 1572 eram.
1060 1501 1333 1565 nuncius
1357 1497 1468 1565 iste
1490 1497 1705 1568 refert.

64 1678 68 1682 ι
177 1596 257 1663 Et
278 1591 460 1662 fimul
485 1591 779 1662 emissum
805 1593 1108 1685 transegit
1134 1594 1401 1662 vulnera
1425 1592 1702 1674 ferrum,

245 1689 748 1780 Perstrinxitque
773 1695 940 1760 citos
975 1689 1150 1759 hasta
1192 1711 1463 1759 cruenta
1488 1692 1705 1782 pedes.

178 1787 489 1856 Mollitur
508 1785 799 1856 adfixum
820 1785 1110 1856 traheret
1131 1789 1267 1875 qufi
1289 1785 1499 1855 saucia
1519 1787 1658 1855 telfi
1680 1841 1697 1867 ,

241 1886 296 1948 A
318 1884 567 1974 trepida
590 1883 797 1952 fertur
823 1885 1023 1976 vulpe
1045 1900 1292 1951 retenta
1316 1882 1439 1950 diu⁰
1549 1889 1700 1967 (ret,

178 1981 356 2047 Dum
376 1979 601 2070 quisnfi
619 1980 727 2048 ille
750 1975 957 2059 foret,
987 1984 1094 2070 qui
1117 1979 1266 2046 talia
1289 1980 1557 2049 vulnera
1579 1979 1701 2048 fer-

235 2079 365 2144 Aut
388 2077 964 2164 ubinamjaculum
987 2067 1324 2144 delituisset
1347 2096 1549 2165 agens
1572 2105 1589 2154 3

173 2171 292 2240 Illa
314 2195 587 2263 gemens
609 2225 624 2251 ,
653 2171 989 2263 fraeroque
1025 2174 1204 2262 loqui
1230 2173 1330 2239 vix
1353 2191 1697 2239 murmure

455 2273 651 2360 coepit
676 2320 694 2349 ‚

228 2365 433 2454 (Nam
457 2365 673 2434 solitas
691 2387 890 2434 voces
913 2367 1006 2434 ira
1031 2360 1356 2453 dolorque
1379 2365 1607 2455 rapitz)

170 2457 368 2530 Nulla
406 2461 670 2551 quidem
714 2462 936 2530 medio
995 2464 1306 2529 convenit
1354 2462 1418 2528 in
1450 2479 1692 2550 aggere

449 2556 666 2628 forma
687 2609 703 2636 ‚

230 2653 528 2745 Qaeque
549 2654 758 2724 oeulis
778 2651 941 2726 obfit
961 2674 1095 2724 non
1115 2649 1468 2744 repetenda
1491 2650 1692 2810 mgis&

1613 2764 1646 2810 e
