1810 2947
69 197 75 204 .
1465 131 1544 223 83

50 264 1154 344 eAi-SOPIFABULAE
1240 269 1488 328 XLII.

70 370 145 440 ab
188 375 244 441 A
264 394 302 443 v
323 394 343 439 1
367 391 398 437 F.
423 391 466 436 N
491 389 538 436 o
585 366 824 458 elegiaco
858 371 1116 432 carmine
1134 362 1481 456 conscrz'ptae.

308 512 1191 589 RusTICA&LuP,us.
1489 531 1542 583 ι.

138 641 357 711 Ustica
382 640 668 733 ploranti
692 659 903 731 parvo
923 643 1266 726 juraverat
1285 634 1450 704 olim
1474 687 1494 713 ‚

182 742 266 807 Ni
292 757 530 815 taceat,
553 736 780 805 rabido
798 735 978 824 quod
998 731 1171 802 foret
1196 731 1335 801 esca
1361 732 1542 824 lupo.

6 838 340 907 Credulus
363 835 527 902 hanc
549 854 786 902 vocem
810 832 1035 922 Lupus
1057 828 1289 909 audiit,
1317 825 1382 896 ἃ
1405 851 1544 898 mae

287 952 396 1001 net
429 927 592 1023 ipsas

72 1030 350 1120 Pervigil
378 1046 532 1096 ante
553 1023 759 1102 fores,
791 1025 968 1091 irrita
995 1039 1151 1090 vota
1184 1041 1452 1113 gerens,

5 1129 184 1197 Nam
204 1125 419 1195 laffata
442 1143 608 1216 puer
625 1124 835 1189 nimiae
855 1120 962 1188 dat
986 1119 1287 1188 membra
1308 1121 1509 1208 quieti
1523 1146 1539 1187 z

70 1226 273 1315 Spem
296 1241 568 1311 quoque
592 1221 841 1310 raptori
865 1214 1108 1284 sustulit
1138 1216 1287 1283 inde
1308 1214 1541 1285 fames,

2 1323 198 1390 Hunc
217 1320 323 1387 ubi
340 1315 674 1408 sylvarum
702 1332 1112 1406 repetentem
1133 1310 1328 1382 lustra
1346 1311 1541 1382 suari]

67 1421 376 1510 Jejunum
400 1418 640 1501 conjux
674 1408 857 1479 sensu
881 1407 1093 1479 adeffe
1115 1409 1309 1502 lupa:
1480 1488 1492 1502 ο

6 1516 169 1593 Cur,
194 1515 422 1604 inquit,
446 1511 694 1578 nullam
715 1505 931 1575 defers
953 1506 1032 1573 de
1055 1528 1247 1575 more
1271 1506 1500 1597 rapina
1521 1558 1540 1587 ,

65 1608 402 1701 Languida
427 1606 785 1676 consumtis
815 1604 922 1672 sed
945 1604 1141 1672 trahis
1165 1625 1285 1671 ora
1308 1606 1493 1694 genis
1517 1618 1542 1670 ἓ

4 1709 108 1774 Ne
129 1709 383 1773 mireris
405 1757 421 1783 ,
465 1707 552 1773 ait
577 1758 590 1782 ‚
615 1704 970 1793 deceptum
992 1698 1223 1769 fraude
1245 1695 1539 1791 maligna

72 1808 202 1870 Vix
221 1800 527 1870 miserum
554 1798 760 1869 vacua
782 1794 1094 1866 delituisse
1117 1793 1297 1889 fuga.

3 1896 176 1970 Nam
198 1920 340 1991 quae
358 1897 958 1990 ·praeda,rog0‚quae
982 1893 1127 1987 spes
1148 1895 1538 1985 contingere

286 1989 522 2087 posset,

69 2090 298 2183 jurgia
319 2095 588 2160 nutricis
605 2089 761 2160 cum
787 2086 938 2158 mihi
958 2088 1154 2158 verba
1177 2088 1447 2156 darent?

4 2192 158 2258 Haec
194 2187 305 2258 fibi
337 2185 499 2257 dieia
544 2209 727 2281 putet
751 2241 766 2268 ‚
820 2186 1013 2277 seque
1055 2183 1177 2255 hac
1214 2184 1368 2254 sciat
1390 2201 1533 2253 arte

283 2305 533 2364 notari,
1350 2311 1353 2314 ·

65 2384 461 2450 Foemineam
483 2380 763 2472 quisquis
783 2378 1052 2448 credidit
1076 2377 1202 2448 effe
1224 2375 1444 2448 fidem.

270 2475 1244 2562 AQUILA&TESTUDO.
1474 2495 1537 2540 2.

4 2574 306 2645 pennatis
326 2575 550 2644 avibus
569 2574 840 2667 quonda
870 2572 1134 2642 testudo
1154 2574 1382 2642 locuta
1404 2569 1497 2638 est
1514 2621 1532 2650 ‚

68 2673 135 2740 Si
155 2677 299 2765 quis
319 2694 467 2746 eam
489 2668 1276 2836 volucrechonstituiffet
1305 2669 1486 2830 hugli
1514 2717 1532 2745 9

908 2791 948 2832 τι,
1436 2784 1541 2835 ro·
