1810 2947
123 107 516 172 RANARUM
560 116 648 163 ετ
695 95 1040 163 Multum
1077 90 1367 161 buum.
1438 109 1554 185 ¹55

39 228 114 294 Et
158 244 312 292 tunc
339 234 689 310 pereuntes
725 217 945 284 Ranas
972 212 1311 284 miseratus
1348 212 1559 285 fuisset

14 383 19 389 .
318 314 674 382 Saturnius.

42 419 245 485 Moto
265 431 482 482 autem
504 412 716 502 'eapite
739 461 756 489 ,
803 408 1008 477 talem
1030 406 1294 477 loeutus
1315 406 1409 476 est
1447 430 1562 476 vo·

320 529 469 576 cem
497 536 512 573 :

127 606 306 675 Eheu
333 658 347 680 ‚
390 597 568 672 certe
606 621 927 693 magnum
949 619 1120 692 opus
1157 619 1308 669 ante
1328 597 1565 669 oculos

326 700 552 768 video:

44 800 200 878 Non
224 819 457 889 parum
486 790 961 885 nie-stupefecit
984 791 1433 884 Merid'arpax,
1452 810 1574 884 per·

326 894 545 961 lacum
799 973 803 977 ἱ

49 989 565 1061 Trucidaturum
610 984 674 1055 se
719 988 934 1057 Ranas
975 988 1271 1055 minatus.
1337 981 1571 1054 verum

330 1081 618 1170 ocissime

49 1181 382 1251 Palladem
407 1187 738 1251 mittamus
760 1176 1228 1257 bellicosam&
1257 1182 1573 1248 Martem.

50 1281 187 1373 Qui
210 1278 416 1372 ipsum
440 1276 751 1347 arcebunt
777 1299 862 1365 pu
870 1274 1002 1368 gni}
1030 1329 1047 1357 ‚
1080 1280 1381 1367 quamvis
1423 1275 1577 1345 vali-

330 1376 506 1442 duum

142 1473 248 1539 Sic
275 1471 538 1540 loeutus
560 1473 835 1561 Jupiter.
860 1471 1049 1536 Mars
1070 1487 1291 1538 autem
1319 1467 1585 1562 respon·

327 1568 571 1658 debat(
593 1564 747 1652 hoc)
774 1564 1112 1635 sermone:

56 1665 288 1755 Neque
323 1662 498 1731 certe
523 1663 827 1741 Palladis,
857 1663 900 1731 ὃ
921 1666 1180 1756 Jupiter
1209 1715 1223 1742 ‚
1250 1663 1543 1754 potentia
1565 1713 1582 1742 ,

336 1783 554 1850 neque
582 1763 821 1828 Martis

59 1859 304 1925 Poterit
334 1860 526 1925 Ranis
549 1877 844 1926 avertere
866 1853 1069 1923 diram
1090 1858 1468 1947 pernicicm.

57 1954 186 2020 Sed
225 1975 349 2043 age
410 1975 649 2021 omnes
693 1974 920 2021 eamus
962 1955 1387 2021 auxiliatores
1422 1976 1435 2017 :
1493 1950 1595 2023 vel

337 2070 523 2118 tuum
541 2047 839 2138 Jaculum

65 2150 786 2237 Moveaturmagnum‚
811 2143 992 2237 quod
1036 2147 1305 2214 Titanes
1324 2142 1589 2225 sustulit

341 2262 646 2333 potenter
669 2262 952 2332 operans
973 2290 990 2317 ‚

64 2336 225 2425 Quo
253 2341 522 2407 Titanas
556 2335 879 2419 occidisti,
932 2341 1241 2429 egregios
1282 2334 1472 2430 supra
1519 2361 1595 2406 o-

349 2456 575 2513 mneS,

64 2528 858 2624 Enceladumqueligasti,
901 2529 961 2600 ἃ
1004 2527 1143 2601 fera
1183 2551 1431 2622 genera
1473 2532 1591 2599 Gi-

351 2647 644 2719 gantum.

1487 2725 1597 2800 Sic
