<?xml version="1.0" encoding="UTF-8"?>
<!DOCTYPE html PUBLIC "-//W3C//DTD XHTML 1.0 Transitional//EN"
    "http://www.w3.org/TR/xhtml1/DTD/xhtml1-transitional.dtd">
<html xmlns="http://www.w3.org/1999/xhtml" xml:lang="en" lang="en">
 <head>
  <title>
</title>
<meta http-equiv="Content-Type" content="text/html;charset=utf-8" />
  <meta name='ocr-system' content='tesseract 3.04.00' />
  <meta name='ocr-capabilities' content='ocr_page ocr_carea ocr_par ocr_line ocrx_word'/>
</head>
<body>
  <div class='ocr_page' id='page_1' title='image "./fabulsopigra00avie_0109.png"; bbox 0 0 1810 2947; ppageno 0'>
   <div class='ocr_carea' id='block_1_1' title="bbox 554 94 1564 186">
    <p class='ocr_par' dir='ltr' id='par_1_1' title="bbox 554 94 1564 186">
     <span class='ocr_line' id='line_1_1' title="bbox 554 94 1564 186; baseline -0.005 -21"><span class='ocrx_word' id='word_1_1' title='bbox 554 94 1054 167; x_wconf 73' lang='lat' dir='ltr'>FABULAE.</span> <span class='ocrx_word' id='word_1_2' title='bbox 1262 111 1266 115; x_wconf 90' lang='lat'>·</span> <span class='ocrx_word' id='word_1_3' title='bbox 1452 109 1564 186; x_wconf 79' lang='lat'><strong>105</strong></span> 
     </span>
    </p>
   </div>
   <div class='ocr_carea' id='block_1_2' title="bbox 55 205 1587 2605">
    <p class='ocr_par' dir='ltr' id='par_1_2' title="bbox 55 205 1587 2605">
     <span class='ocr_line' id='line_1_2' title="bbox 107 205 1461 302; baseline -0.01 -14"><span class='ocrx_word' id='word_1_4' title='bbox 107 221 300 288; x_wconf 80' lang='lat' dir='ltr'><strong>Ferre</strong></span> <span class='ocrx_word' id='word_1_5' title='bbox 322 211 444 285; x_wconf 81' lang='lat' dir='ltr'>suis</span> <span class='ocrx_word' id='word_1_6' title='bbox 468 211 665 280; x_wconf 84' lang='lat' dir='ltr'><strong>rebus</strong></span> <span class='ocrx_word' id='word_1_7' title='bbox 685 233 891 302; x_wconf 86' lang='lat' dir='ltr'>quum</span> <span class='ocrx_word' id='word_1_8' title='bbox 914 205 1221 281; x_wconf 83' lang='lat' dir='ltr'><strong>refideret</strong></span> <span class='ocrx_word' id='word_1_9' title='bbox 1240 227 1461 301; x_wconf 87' lang='lat' dir='ltr'><strong>opem.</strong></span> 
     </span>
     <span class='ocr_line' id='line_1_3' title="bbox 55 302 1568 398; baseline -0.005 -16"><span class='ocrx_word' id='word_1_10' title='bbox 55 319 177 395; x_wconf 76' lang='lat' dir='ltr'><strong>Cui</strong></span> <span class='ocrx_word' id='word_1_11' title='bbox 199 309 412 381; x_wconf 64' lang='lat' dir='ltr'><strong>festor</strong></span> <span class='ocrx_word' id='word_1_12' title='bbox 429 308 693 378; x_wconf 85' lang='lat' dir='ltr'>summis</span> <span class='ocrx_word' id='word_1_13' title='bbox 710 304 1088 398; x_wconf 80' lang='lat' dir='ltr'>Tyrinthius</span> <span class='ocrx_word' id='word_1_14' title='bbox 1107 302 1245 373; x_wconf 80' lang='lat' dir='ltr'>infit</span> <span class='ocrx_word' id='word_1_15' title='bbox 1264 306 1345 373; x_wconf 84' lang='lat' dir='ltr'><strong>ab</strong></span> <span class='ocrx_word' id='word_1_16' title='bbox 1365 306 1568 382; x_wconf 82' lang='lat' dir='ltr'>astris,</span> 
     </span>
     <span class='ocr_line' id='line_1_4' title="bbox 96 399 1572 497; baseline -0.006 -18"><span class='ocrx_word' id='word_1_17' title='bbox 96 415 296 493; x_wconf 81' lang='lat' dir='ltr'>(Nam</span> <span class='ocrx_word' id='word_1_18' title='bbox 320 428 510 475; x_wconf 81' lang='lat' dir='ltr'>vocat</span> <span class='ocrx_word' id='word_1_19' title='bbox 533 405 705 473; x_wconf 87' lang='lat' dir='ltr'>hunc</span> <span class='ocrx_word' id='word_1_20' title='bbox 722 403 991 497; x_wconf 81' lang='lat' dir='ltr'><strong>supplex</strong></span> <span class='ocrx_word' id='word_1_21' title='bbox 1011 406 1072 471; x_wconf 91' lang='lat' dir='ltr'><strong>in</strong></span> <span class='ocrx_word' id='word_1_22' title='bbox 1096 399 1204 470; x_wconf 84' lang='lat' dir='ltr'><strong>sua</strong></span> <span class='ocrx_word' id='word_1_23' title='bbox 1229 421 1377 470; x_wconf 84' lang='lat' dir='ltr'>vota</span> <span class='ocrx_word' id='word_1_24' title='bbox 1399 406 1572 487; x_wconf 74' lang='lat' dir='ltr'><strong>Defi)</strong></span> 
     </span>
     <span class='ocr_line' id='line_1_5' title="bbox 55 500 1575 597; baseline -0.007 -22"><span class='ocrx_word' id='word_1_25' title='bbox 55 509 271 597; x_wconf 81' lang='lat' dir='ltr'>Surge</span> <span class='ocrx_word' id='word_1_26' title='bbox 291 505 665 573; x_wconf 77' lang='lat' dir='ltr'>laborantes</span> <span class='ocrx_word' id='word_1_27' title='bbox 685 500 957 568; x_wconf 84' lang='lat' dir='ltr'>stimulis</span> <span class='ocrx_word' id='word_1_28' title='bbox 974 504 1218 591; x_wconf 81' lang='lat' dir='ltr'><strong>agitare</strong></span> <span class='ocrx_word' id='word_1_29' title='bbox 1228 504 1575 586; x_wconf 67' lang='lat' dir='ltr'><strong>juvenem,</strong></span> 
     </span>
     <span class='ocr_line' id='line_1_6' title="bbox 119 596 1409 689; baseline -0.009 -16"><span class='ocrx_word' id='word_1_30' title='bbox 119 609 194 673; x_wconf 84' lang='lat' dir='ltr'><strong>Et</strong></span> <span class='ocrx_word' id='word_1_31' title='bbox 218 601 514 669; x_wconf 80' lang='lat' dir='ltr'>manibus</span> <span class='ocrx_word' id='word_1_32' title='bbox 537 603 754 689; x_wconf 80' lang='lat' dir='ltr'>pigras</span> <span class='ocrx_word' id='word_1_33' title='bbox 774 596 939 664; x_wconf 82' lang='lat' dir='ltr'><strong>disee</strong></span> <span class='ocrx_word' id='word_1_34' title='bbox 949 602 1177 685; x_wconf 83' lang='lat' dir='ltr'><strong>juvare</strong></span> <span class='ocrx_word' id='word_1_35' title='bbox 1202 615 1409 664; x_wconf 78' lang='lat' dir='ltr'>rotas.</span> 
     </span>
     <span class='ocr_line' id='line_1_7' title="bbox 57 693 1575 788; baseline -0.007 -19"><span class='ocrx_word' id='word_1_36' title='bbox 57 703 251 769; x_wconf 83' lang='lat' dir='ltr'>Tunc</span> <span class='ocrx_word' id='word_1_37' title='bbox 274 719 540 788; x_wconf 83' lang='lat' dir='ltr'><strong>quoque</strong></span> <span class='ocrx_word' id='word_1_38' title='bbox 564 693 981 786; x_wconf 78' lang='lat' dir='ltr'><strong>congressum</strong></span> <span class='ocrx_word' id='word_1_39' title='bbox 1003 698 1388 783; x_wconf 79' lang='lat' dir='ltr'><strong>majoraque</strong></span> <span class='ocrx_word' id='word_1_40' title='bbox 1428 695 1575 768; x_wconf 85' lang='lat' dir='ltr'>viri-</span> 
     </span>
     <span class='ocr_line' id='line_1_8' title="bbox 337 790 1292 862; baseline -0.008 0"><span class='ocrx_word' id='word_1_41' title='bbox 337 795 455 862; x_wconf 81' lang='lat' dir='ltr'><strong>bus</strong></span> <span class='ocrx_word' id='word_1_42' title='bbox 476 791 704 861; x_wconf 78' lang='lat' dir='ltr'>ausum</span> <span class='ocrx_word' id='word_1_43' title='bbox 1108 790 1115 794; x_wconf 69' lang='grc'>’</span> <span class='ocrx_word' id='word_1_44' title='bbox 1290 792 1292 794; x_wconf 77' lang='grc'><strong>’</strong></span> 
     </span>
     <span class='ocr_line' id='line_1_9' title="bbox 123 883 1315 980; baseline -0.009 -25"><span class='ocrx_word' id='word_1_45' title='bbox 123 892 243 959; x_wconf 82' lang='lat' dir='ltr'><strong>Fas</strong></span> <span class='ocrx_word' id='word_1_46' title='bbox 263 889 533 980; x_wconf 79' lang='lat' dir='ltr'><strong>superos</strong></span> <span class='ocrx_word' id='word_1_47' title='bbox 557 890 786 957; x_wconf 83' lang='lat' dir='ltr'>animis</span> <span class='ocrx_word' id='word_1_48' title='bbox 808 883 1155 954; x_wconf 81' lang='lat' dir='ltr'><strong>conciliare</strong></span> <span class='ocrx_word' id='word_1_49' title='bbox 1178 887 1315 952; x_wconf 88' lang='lat' dir='ltr'>tuis.</span> 
     </span>
     <span class='ocr_line' id='line_1_10' title="bbox 57 978 1571 1075; baseline -0.007 -18"><span class='ocrx_word' id='word_1_50' title='bbox 57 986 241 1057; x_wconf 83' lang='lat' dir='ltr'>Disce</span> <span class='ocrx_word' id='word_1_51' title='bbox 264 1006 481 1060; x_wconf 82' lang='lat' dir='ltr'><strong>tamen</strong></span> <span class='ocrx_word' id='word_1_52' title='bbox 504 987 702 1075; x_wconf 81' lang='lat' dir='ltr'>pigris</span> <span class='ocrx_word' id='word_1_53' title='bbox 727 1005 860 1051; x_wconf 88' lang='lat' dir='ltr'><strong>non</strong></span> <span class='ocrx_word' id='word_1_54' title='bbox 884 978 1052 1048; x_wconf 68' lang='lat' dir='ltr'><strong>flcffi</strong></span> <span class='ocrx_word' id='word_1_55' title='bbox 1077 987 1340 1048; x_wconf 82' lang='lat' dir='ltr'>numina</span> <span class='ocrx_word' id='word_1_56' title='bbox 1366 982 1535 1046; x_wconf 85' lang='lat' dir='ltr'><strong>votis</strong></span> <span class='ocrx_word' id='word_1_57' title='bbox 1555 1031 1571 1056; x_wconf 89' lang='lat'>‚</span> 
     </span>
     <span class='ocr_line' id='line_1_11' title="bbox 112 1074 1579 1172; baseline -0.007 -19"><span class='ocrx_word' id='word_1_58' title='bbox 112 1080 580 1172; x_wconf 79' lang='lat' dir='ltr'><strong>Praesentesque</strong></span> <span class='ocrx_word' id='word_1_59' title='bbox 600 1076 1014 1158; x_wconf 65' lang='lat' dir='ltr'><strong>adhibe,ci1m</strong></span> <span class='ocrx_word' id='word_1_60' title='bbox 1038 1075 1194 1145; x_wconf 79' lang='lat' dir='ltr'>facis</span> <span class='ocrx_word' id='word_1_61' title='bbox 1217 1074 1579 1169; x_wconf 72' lang='lat' dir='ltr'><strong>ipse‚D008,</strong></span> 
     </span>
     <span class='ocr_line' id='line_1_12' title="bbox 646 1179 1580 1262; baseline -0.007 -20"><span class='ocrx_word' id='word_1_62' title='bbox 646 1179 702 1242; x_wconf 84' lang='lat' dir='ltr'>A</span> <span class='ocrx_word' id='word_1_63' title='bbox 724 1200 764 1242; x_wconf 84' lang='lat' dir='ltr'>N</span> <span class='ocrx_word' id='word_1_64' title='bbox 790 1198 819 1244; x_wconf 85' lang='lat' dir='ltr'>s</span> <span class='ocrx_word' id='word_1_65' title='bbox 845 1198 871 1241; x_wconf 79' lang='lat' dir='ltr'>E</span> <span class='ocrx_word' id='word_1_66' title='bbox 899 1199 954 1241; x_wconf 79' lang='lat' dir='ltr'><strong>R.</strong></span> <span class='ocrx_word' id='word_1_67' title='bbox 1481 1192 1512 1258; x_wconf 83' lang='lat'><strong>3</strong></span> <span class='ocrx_word' id='word_1_68' title='bbox 1527 1194 1580 1262; x_wconf 76' lang='lat'><strong>3.</strong></span> 
     </span>
     <span class='ocr_line' id='line_1_13' title="bbox 58 1264 1576 1367; baseline -0.005 -23"><span class='ocrx_word' id='word_1_69' title='bbox 58 1271 257 1349; x_wconf 78' lang='lat' dir='ltr'><strong>Anser</strong></span> <span class='ocrx_word' id='word_1_70' title='bbox 278 1292 413 1343; x_wconf 82' lang='lat' dir='ltr'><strong>erat</strong></span> <span class='ocrx_word' id='word_1_71' title='bbox 437 1271 693 1342; x_wconf 79' lang='lat' dir='ltr'>cuidam</span> <span class='ocrx_word' id='word_1_72' title='bbox 718 1269 1002 1367; x_wconf 79' lang='lat' dir='ltr'><strong>pretioso</strong></span> <span class='ocrx_word' id='word_1_73' title='bbox 1036 1273 1333 1362; x_wconf 82' lang='lat' dir='ltr'><strong>germine</strong></span> <span class='ocrx_word' id='word_1_74' title='bbox 1357 1264 1576 1349; x_wconf 80' lang='lat' dir='ltr'>foetuS‚</span> 
     </span>
     <span class='ocr_line' id='line_1_14' title="bbox 126 1365 1374 1460; baseline -0.005 -22"><span class='ocrx_word' id='word_1_75' title='bbox 126 1375 404 1460; x_wconf 82' lang='lat' dir='ltr'><strong>Ovaque</strong></span> <span class='ocrx_word' id='word_1_76' title='bbox 427 1374 532 1459; x_wconf 81' lang='lat' dir='ltr'><strong>qui</strong></span> <span class='ocrx_word' id='word_1_77' title='bbox 559 1368 714 1436; x_wconf 85' lang='lat' dir='ltr'>nidis</span> <span class='ocrx_word' id='word_1_78' title='bbox 735 1389 936 1437; x_wconf 84' lang='lat' dir='ltr'><strong>aurea</strong></span> <span class='ocrx_word' id='word_1_79' title='bbox 969 1365 1135 1458; x_wconf 81' lang='lat' dir='ltr'><strong>saepe</strong></span> <span class='ocrx_word' id='word_1_80' title='bbox 1160 1368 1374 1442; x_wconf 76' lang='lat' dir='ltr'><strong>daret.</strong></span> 
     </span>
     <span class='ocr_line' id='line_1_15' title="bbox 56 1460 1580 1553; baseline -0.005 -18"><span class='ocrx_word' id='word_1_81' title='bbox 56 1469 304 1545; x_wconf 75' lang='lat' dir='ltr'>fixerat</span> <span class='ocrx_word' id='word_1_82' title='bbox 330 1467 494 1534; x_wconf 81' lang='lat' dir='ltr'>hanc</span> <span class='ocrx_word' id='word_1_83' title='bbox 513 1465 762 1533; x_wconf 86' lang='lat' dir='ltr'><strong>volueri</strong></span> <span class='ocrx_word' id='word_1_84' title='bbox 786 1465 1000 1553; x_wconf 82' lang='lat' dir='ltr'><strong>legem</strong></span> <span class='ocrx_word' id='word_1_85' title='bbox 1028 1482 1254 1530; x_wconf 80' lang='lat' dir='ltr'>natura</span> <span class='ocrx_word' id='word_1_86' title='bbox 1270 1460 1580 1552; x_wconf 67' lang='lat' dir='ltr'><strong>superbae,</strong></span> 
     </span>
     <span class='ocr_line' id='line_1_16' title="bbox 119 1555 1577 1652; baseline -0.003 -23"><span class='ocrx_word' id='word_1_87' title='bbox 119 1565 222 1629; x_wconf 90' lang='lat' dir='ltr'><strong>Ne</strong></span> <span class='ocrx_word' id='word_1_88' title='bbox 247 1564 436 1630; x_wconf 80' lang='lat' dir='ltr'><strong>liceat</strong></span> <span class='ocrx_word' id='word_1_89' title='bbox 461 1565 701 1652; x_wconf 83' lang='lat' dir='ltr'><strong>pariter</strong></span> <span class='ocrx_word' id='word_1_90' title='bbox 722 1581 996 1637; x_wconf 75' lang='lat' dir='ltr'><strong>munera</strong></span> <span class='ocrx_word' id='word_1_91' title='bbox 1016 1555 1189 1636; x_wconf 79' lang='lat' dir='ltr'><strong>ferre</strong></span> <span class='ocrx_word' id='word_1_92' title='bbox 1213 1558 1346 1626; x_wconf 86' lang='lat' dir='ltr'><strong>duo</strong></span> <span class='ocrx_word' id='word_1_93' title='bbox 1380 1561 1577 1647; x_wconf 84' lang='lat' dir='ltr'>(tum,</span> 
     </span>
     <span class='ocr_line' id='line_1_17' title="bbox 58 1652 1581 1749; baseline -0.003 -22"><span class='ocrx_word' id='word_1_94' title='bbox 58 1660 188 1731; x_wconf 88' lang='lat' dir='ltr'><strong>Sed</strong></span> <span class='ocrx_word' id='word_1_95' title='bbox 211 1659 514 1728; x_wconf 83' lang='lat' dir='ltr'>dominus</span> <span class='ocrx_word' id='word_1_96' title='bbox 538 1657 779 1749; x_wconf 76' lang='lat' dir='ltr'>cupidfi</span> <span class='ocrx_word' id='word_1_97' title='bbox 814 1656 1076 1747; x_wconf 82' lang='lat' dir='ltr'><strong>sperans</strong></span> <span class='ocrx_word' id='word_1_98' title='bbox 1096 1652 1439 1730; x_wconf 76' lang='lat' dir='ltr'><strong>vanescere</strong></span> <span class='ocrx_word' id='word_1_99' title='bbox 1471 1677 1581 1722; x_wconf 81' lang='lat' dir='ltr'><strong>vo-</strong></span> 
     </span>
     <span class='ocr_line' id='line_1_18' title="bbox 115 1748 1587 1836; baseline -0.003 -14"><span class='ocrx_word' id='word_1_100' title='bbox 115 1757 271 1824; x_wconf 89' lang='lat' dir='ltr'><strong>Non</strong></span> <span class='ocrx_word' id='word_1_101' title='bbox 290 1755 434 1823; x_wconf 80' lang='lat' dir='ltr'>tu1it</span> <span class='ocrx_word' id='word_1_102' title='bbox 456 1751 681 1823; x_wconf 86' lang='lat' dir='ltr'><strong>exosas</strong></span> <span class='ocrx_word' id='word_1_103' title='bbox 703 1757 764 1820; x_wconf 89' lang='lat' dir='ltr'><strong>in</strong></span> <span class='ocrx_word' id='word_1_104' title='bbox 783 1751 889 1820; x_wconf 83' lang='lat' dir='ltr'><strong>sua</strong></span> <span class='ocrx_word' id='word_1_105' title='bbox 913 1753 1093 1820; x_wconf 83' lang='lat' dir='ltr'><strong>luera</strong></span> <span class='ocrx_word' id='word_1_106' title='bbox 1114 1748 1587 1836; x_wconf 67' lang='lat' dir='ltr'><strong>moraszfferre,</strong></span> 
     </span>
     <span class='ocr_line' id='line_1_19' title="bbox 57 1848 1582 1942; baseline -0.002 -23"><span class='ocrx_word' id='word_1_107' title='bbox 57 1850 329 1919; x_wconf 85' lang='lat' dir='ltr'><strong>Grande</strong></span> <span class='ocrx_word' id='word_1_108' title='bbox 348 1869 526 1920; x_wconf 81' lang='lat' dir='ltr'>ratus</span> <span class='ocrx_word' id='word_1_109' title='bbox 542 1854 821 1942; x_wconf 80' lang='lat' dir='ltr'><strong>pretium</strong></span> <span class='ocrx_word' id='word_1_110' title='bbox 842 1850 1128 1917; x_wconf 74' lang='lat' dir='ltr'>volucris</span> <span class='ocrx_word' id='word_1_111' title='bbox 1148 1848 1227 1914; x_wconf 89' lang='lat' dir='ltr'><strong>de</strong></span> <span class='ocrx_word' id='word_1_112' title='bbox 1250 1868 1463 1916; x_wconf 76' lang='lat' dir='ltr'><strong>morte</strong></span> <span class='ocrx_word' id='word_1_113' title='bbox 1488 1870 1582 1916; x_wconf 46' lang='lat' dir='ltr'><strong>re,</strong></span> 
     </span>
     <span class='ocr_line' id='line_1_20' title="bbox 125 1944 1474 2039; baseline -0.004 -26"><span class='ocrx_word' id='word_1_114' title='bbox 125 1948 290 2039; x_wconf 85' lang='lat' dir='ltr'><strong>Quae</strong></span> <span class='ocrx_word' id='word_1_115' title='bbox 308 1967 444 2017; x_wconf 86' lang='lat' dir='ltr'><strong>tam</strong></span> <span class='ocrx_word' id='word_1_116' title='bbox 464 1952 780 2016; x_wconf 84' lang='lat' dir='ltr'>continuo</span> <span class='ocrx_word' id='word_1_117' title='bbox 802 1967 1075 2013; x_wconf 84' lang='lat' dir='ltr'><strong>munere</strong></span> <span class='ocrx_word' id='word_1_118' title='bbox 1098 1944 1276 2012; x_wconf 81' lang='lat' dir='ltr'><strong>dives</strong></span> <span class='ocrx_word' id='word_1_119' title='bbox 1308 1963 1474 2012; x_wconf 80' lang='lat' dir='ltr'><strong>erat.</strong></span> 
     </span>
     <span class='ocr_line' id='line_1_21' title="bbox 58 2039 1579 2134; baseline -0.003 -22"><span class='ocrx_word' id='word_1_120' title='bbox 58 2044 347 2134; x_wconf 62' lang='lat' dir='ltr'>Postqufi</span> <span class='ocrx_word' id='word_1_121' title='bbox 368 2043 537 2112; x_wconf 82' lang='lat' dir='ltr'>nuda</span> <span class='ocrx_word' id='word_1_122' title='bbox 561 2047 779 2113; x_wconf 84' lang='lat' dir='ltr'>minax</span> <span class='ocrx_word' id='word_1_123' title='bbox 802 2046 931 2133; x_wconf 84' lang='lat' dir='ltr'><strong>egit</strong></span> <span class='ocrx_word' id='word_1_124' title='bbox 956 2063 1073 2134; x_wconf 87' lang='lat' dir='ltr'><strong>per</strong></span> <span class='ocrx_word' id='word_1_125' title='bbox 1095 2039 1337 2108; x_wconf 82' lang='lat' dir='ltr'><strong>viscera</strong></span> <span class='ocrx_word' id='word_1_126' title='bbox 1357 2039 1538 2108; x_wconf 74' lang='lat' dir='ltr'><strong>ferrfi</strong></span> <span class='ocrx_word' id='word_1_127' title='bbox 1563 2092 1579 2120; x_wconf 84' lang='lat'><strong><em>‚</em></strong></span> 
     </span>
     <span class='ocr_line' id='line_1_22' title="bbox 125 2135 1587 2217; baseline -0.005 -9"><span class='ocrx_word' id='word_1_128' title='bbox 125 2143 199 2208; x_wconf 81' lang='lat' dir='ltr'><strong>Et</strong></span> <span class='ocrx_word' id='word_1_129' title='bbox 225 2163 499 2213; x_wconf 85' lang='lat' dir='ltr'>vacuam</span> <span class='ocrx_word' id='word_1_130' title='bbox 524 2139 724 2209; x_wconf 85' lang='lat' dir='ltr'>solitis</span> <span class='ocrx_word' id='word_1_131' title='bbox 745 2139 1005 2214; x_wconf 79' lang='lat' dir='ltr'>foetibus</span> <span class='ocrx_word' id='word_1_132' title='bbox 1026 2135 1153 2205; x_wconf 80' lang='lat' dir='ltr'><strong>effe</strong></span> <span class='ocrx_word' id='word_1_133' title='bbox 1180 2138 1380 2217; x_wconf 60' lang='lat' dir='ltr'><strong>viden</strong></span> <span class='ocrx_word' id='word_1_134' title='bbox 1575 2143 1587 2150; x_wconf 78' lang='grc'><em>”</em></span> 
     </span>
     <span class='ocr_line' id='line_1_23' title="bbox 61 2231 1525 2327; baseline -0.004 -23"><span class='ocrx_word' id='word_1_135' title='bbox 61 2241 391 2326; x_wconf 84' lang='lat' dir='ltr'><strong>Ingemuit</strong></span> <span class='ocrx_word' id='word_1_136' title='bbox 410 2253 603 2304; x_wconf 85' lang='lat' dir='ltr'>tantae</span> <span class='ocrx_word' id='word_1_137' title='bbox 627 2236 938 2327; x_wconf 86' lang='lat' dir='ltr'><strong>deeeptus</strong></span> <span class='ocrx_word' id='word_1_138' title='bbox 961 2237 1231 2302; x_wconf 81' lang='lat' dir='ltr'><strong>erimine</strong></span> <span class='ocrx_word' id='word_1_139' title='bbox 1255 2231 1525 2300; x_wconf 80' lang='lat' dir='ltr'>fraudis:</span> 
     </span>
     <span class='ocr_line' id='line_1_24' title="bbox 128 2328 1460 2423; baseline -0.005 -27"><span class='ocrx_word' id='word_1_140' title='bbox 128 2335 302 2403; x_wconf 84' lang='lat' dir='ltr'><strong>Nam</strong></span> <span class='ocrx_word' id='word_1_141' title='bbox 324 2354 586 2423; x_wconf 86' lang='lat' dir='ltr'><strong>poenam</strong></span> <span class='ocrx_word' id='word_1_142' title='bbox 611 2337 854 2401; x_wconf 84' lang='lat' dir='ltr'><strong>meritis</strong></span> <span class='ocrx_word' id='word_1_143' title='bbox 876 2331 1123 2400; x_wconf 80' lang='lat' dir='ltr'><strong>rettulit</strong></span> <span class='ocrx_word' id='word_1_144' title='bbox 1148 2330 1293 2397; x_wconf 90' lang='lat' dir='ltr'><strong>inde</strong></span> <span class='ocrx_word' id='word_1_145' title='bbox 1318 2328 1460 2396; x_wconf 82' lang='lat' dir='ltr'>suis.</span> 
     </span>
     <span class='ocr_line' id='line_1_25' title="bbox 61 2424 1584 2518; baseline -0.004 -22"><span class='ocrx_word' id='word_1_146' title='bbox 61 2427 168 2503; x_wconf 84' lang='lat' dir='ltr'><strong>Sic</strong></span> <span class='ocrx_word' id='word_1_147' title='bbox 192 2431 302 2518; x_wconf 80' lang='lat' dir='ltr'><strong>qui</strong></span> <span class='ocrx_word' id='word_1_148' title='bbox 322 2426 550 2496; x_wconf 73' lang='lat' dir='ltr'>camsta</span> <span class='ocrx_word' id='word_1_149' title='bbox 587 2433 765 2497; x_wconf 86' lang='lat' dir='ltr'><strong>Deos</strong></span> <span class='ocrx_word' id='word_1_150' title='bbox 788 2451 924 2497; x_wconf 89' lang='lat' dir='ltr'><strong>uno</strong></span> <span class='ocrx_word' id='word_1_151' title='bbox 949 2424 1117 2502; x_wconf 78' lang='lat' dir='ltr'><strong>male</strong></span> <span class='ocrx_word' id='word_1_152' title='bbox 1137 2446 1444 2517; x_wconf 82' lang='lat' dir='ltr'><strong>tempore</strong></span> <span class='ocrx_word' id='word_1_153' title='bbox 1468 2445 1584 2517; x_wconf 83' lang='lat' dir='ltr'><strong>po..</strong></span> 
     </span>
     <span class='ocr_line' id='line_1_26' title="bbox 334 2522 554 2605; baseline 0.014 -15"><span class='ocrx_word' id='word_1_154' title='bbox 334 2522 554 2605; x_wconf 86' lang='lat' dir='ltr'><strong>scunt,</strong></span> 
     </span>
    </p>
   </div>
   <div class='ocr_carea' id='block_1_3' title="bbox 119 2615 1584 2806">
    <p class='ocr_par' dir='ltr' id='par_1_3' title="bbox 119 2615 1584 2806">
     <span class='ocr_line' id='line_1_27' title="bbox 119 2615 1427 2779; baseline -0.006 -86"><span class='ocrx_word' id='word_1_155' title='bbox 119 2615 358 2712; x_wconf 63' lang='lat' dir='ltr'>Justifls</span> <span class='ocrx_word' id='word_1_156' title='bbox 382 2619 478 2691; x_wconf 83' lang='lat' dir='ltr'><strong>his</strong></span> <span class='ocrx_word' id='word_1_157' title='bbox 498 2623 693 2692; x_wconf 83' lang='lat' dir='ltr'><strong>etiam</strong></span> <span class='ocrx_word' id='word_1_158' title='bbox 716 2638 869 2693; x_wconf 81' lang='lat' dir='ltr'>vota</span> <span class='ocrx_word' id='word_1_159' title='bbox 892 2617 1119 2689; x_wconf 82' lang='lat' dir='ltr'>diurna</span> <span class='ocrx_word' id='word_1_160' title='bbox 1143 2635 1427 2779; x_wconf 48' lang='lat' dir='ltr'><strong>negantl}</strong></span> 
     </span>
     <span class='ocr_line' id='line_1_28' title="bbox 127 2717 1584 2806; baseline -0.007 -18"><span class='ocrx_word' id='word_1_161' title='bbox 127 2717 134 2726; x_wconf 62' lang='lat'><em>¹</em></span> <span class='ocrx_word' id='word_1_162' title='bbox 891 2719 954 2783; x_wconf 92' lang='lat' dir='ltr'>G</span> <span class='ocrx_word' id='word_1_163' title='bbox 1012 2732 1043 2806; x_wconf 77' lang='lat'>5</span> <span class='ocrx_word' id='word_1_164' title='bbox 1450 2731 1494 2778; x_wconf 93' lang='lat' dir='ltr'>o</span> <span class='ocrx_word' id='word_1_165' title='bbox 1519 2724 1584 2779; x_wconf 66' lang='lat' dir='ltr'><strong>R-</strong></span> 
     </span>
    </p>
   </div>
  </div>
 </body>
</html>
