1810 2947
158 76 555 144 RANARUM
601 90 688 137 tr
736 63 1083 137 Mutuum
1125 86 1423 139 PUGNA..
1481 89 1599 164 141

165 198 270 264 Sic
297 195 562 263 locutus
587 244 604 270 ‚
628 189 1043 259 armisinduit
1076 192 1428 264 universos.

76 294 268 363 Foliis
309 291 575 383 quidem
625 288 996 356 malvarum
1041 289 1223 359 tibias
1264 287 1405 362 sua-s
1448 296 1607 365 coii-

359 406 719 479 peruerunt
749 441 761 452 .

77 490 342 557 Loricas
395 504 618 552 autem
681 481 1055 552 habuerunt
1093 481 1395 553 viridibus
1438 485 1604 558 latis-

364 604 493 672 que
516 578 550 647 ὲ
571 580 767 648 betis:

79 679 252 750 folia
275 700 498 749 autem
522 673 945 745 brafficarum
990 677 1053 743 in
1120 676 1397 770 clypeos
1438 679 1609 751 bene

361 792 767 865 aptaverunt.

83 870 271 959 (Pro)
293 870 519 940 lancea
540 888 762 938 autem
787 885 1057 961 acutum
1069 871 1356 955 juncum
1379 869 1610 968 finguli

367 963 808 1036 accommoda
819 984 960 1032 rant
984 961 1125 1045 fibi;

87 1067 163 1135 Et
200 1063 404 1156 galeae
450 1062 484 1130 ὲ
509 1062 795 1130 cochleis
838 1059 1172 1130 subtilibus
1192 1069 1407 1158 capita
1450 1073 1610 1141 co'o-

363 1158 742 1251 periebant.

88 1259 360 1325 Munitae
381 1275 604 1325 autem
623 1252 937 1324 steterunt
958 1255 1022 1323 in
1044 1257 1196 1347 ripis
1215 1256 1383 1339 alti3‚

87 1356 475 1447 Qatientes
506 1352 768 1420 lanceas
800 1380 815 1418 ε
866 1373 1121 1442 magno
1144 1374 1366 1423 autem
1390 1359 1615 1428 animo

369 1447 812 1540 implebantur
836 1443 1097 1538 fingulae
1118 1500 1132 1515 .

171 1548 430 1640 Jupiter
474 1565 700 1614 autem
724 1599 741 1624 ‚
797 1544 978 1613 Deos
1001 1568 1248 1617 vocans
1279 1551 1345 1617 in
1368 1549 1614 1620 coelum

367 1639 763 1721 astriferum,

89 1738 186 1809 Et.
206 1737 358 1808 belli
404 1738 883 1808 multitudinem
924 1736 1276 1810 ostendens
1322 1795 1338 1822 ‚
1387 1759 1617 1835 pot-en·-

369 1833 589 1925 tesque
610 1853 1015 1928 pugnatores

92 1930 354 2000 Multos
383 1928 458 1999 ⁴&
487 1955 768 2024 magnos
794 1986 810 2012 ,
853 1928 1199 2003 &lanceas
1238 1932 1476 2026 longas
1494 1956 1616 2029 ge-

374 2048 613 2104 rentes,

95 2124 333 2218 Qualis
378 2129 873 2195 Centaurorum
919 2130 1246 2213 exercitus
1269 2127 1614 2220 procedit,

375 2219 439 2291 8(
466 2225 830 2316 Gigantum
850 2276 867 2301 ‚

96 2317 392 2388 Suaviter
415 2320 624 2390 ridens
649 2319 1127 2414 interrogabat,
1157 2324 1269 2414 qui
1291 2322 1489 2392 Ranis
1510 2345 1622 2394 au-

373 2418 732 2491 xiliatores,
1410 2449 1413 2451 ·

100 2508 230 2582 Vel
255 2512 566 2582 Muribus
588 2566 604 2593 ,
631 2514 1149 2600 immortalium3
1195 2512 1261 2586 ἃ
1286 2513 1619 2588 Palladem

378 2609 709 2693 allocutus
728 2610 819 2683 est
843 2636 858 2680 :
1551 2706 1597 2778 fi
