1810 2947
230 140 317 208 92
809 118 1240 185 ΑνιΕΝι

228 238 354 307 Ille
374 235 569 329 sagax
592 241 786 306 tantis
808 236 988 327 quod
1012 236 1167 306 risus
1194 235 1479 307 millibus
1499 237 1655 310 effer
1679 293 1698 324 ‚
1759 255 1762 258 “

300 334 554 403 Distulit
574 329 847 404 admota
879 334 1225 404 calliditate
1233 341 1469 423 jocum
1496 362 1509 403 z
1759 413 1762 415 Α

230 431 604 521 Qidmirii
631 429 920 498 referens
944 428 1188 522 pofitos
1211 430 1441 523 fugiffe
1463 435 1758 524 capillos,

291 529 517 620 Quem
540 534 719 621 prius
744 549 1033 618 aequaevae
1056 528 1389 600 deseruere
1411 552 1620 601 eomae
1644 548 1666 598 ,²

863 627 928 691 O
953 647 982 689 L
1008 647 1037 690 ι
1064 646 1132 691 AE.
1665 650 1753 698 11.

225 722 516 811 Eripiens
536 724 832 810 geminas
857 724 1011 811 ripis
1034 720 1413 789 cedentibus
1437 723 1605 791 ollas
1631 777 1648 803 ‚

202 878 210 887 .
287 813 531 884 Insanis
556 819 799 907 pariter
822 813 1071 884 flumen
1094 818 1331 907 agebat
1369 823 1580 908 aquis:

223 912 354 980 Sed
376 912 619 981 diversa
645 913 804 981 duas
824 935 928 982 ars
954 910 1015 981 8<
1038 934 1270 981 natura
1295 919 1535 983 creavit
1558 967 1583 992 ‚,

289 1010 436 1076 AEre
461 1014 642 1101 prior
664 1007 799 1078 fusa
824 1009 1150 1086 est‚altera
1174 1007 1317 1079 ficfta
1343 1011 1508 1079 luto.
1592 1008 1750 1101 (ωε,

223 1104 455 1196 Dispar
475 1125 613 1173 erat
637 1103 848 1198 fragili
894 1103 956 1174 &
997 1105 1205 1174 solido
1228 1108 1584 1174 concordia
1607 1130 1752 1177 mo-

285 1203 760 1292 Incertumque
782 1225 988 1293 vagus
1009 1207 1219 1270 amnis
1241 1202 1516 1271 habebat
1541 1208 1679 1271 iter.

218 1298 324 1365 Ne
347 1317 568 1367 tamen
587 1297 804 1367 elisam
832 1296 1279 1389 confringeret
1303 1321 1462 1368 aerca
1486 1297 1744 1380 testam,

276 1394 549 1484 Jurabat
570 1395 824 1463 solitam
852 1392 1110 1484 longius
1133 1399 1225 1461 ire
1250 1400 1437 1463 viam.
1544 1398 1744 1487 (rent,

215 1487 338 1566 Illa
363 1495 599 1559 timens
641 1514 723 1558 ne
746 1491 896 1580 quid
925 1491 1171 1562 levibus
1212 1496 1519 1581 graviora
1553 1514 1751 1562 noce-

286 1589 361 1654 Et
383 1591 531 1675 quia
556 1588 733 1655 nulla
757 1589 936 1655 brevi
959 1586 1048 1655 est
1073 1609 1228 1656 cum
1252 1587 1525 1656 meliore
1543 1587 1706 1656 fides
1726 1640 1743 1667 ,

215 1681 538 1772 Quamvis
561 1682 858 1752 securam
887 1685 1095 1752 verbis
1120 1706 1228 1751 me
1250 1682 1742 1775 feceris,inquit‚

272 1783 432 1847 Non
454 1783 654 1848 timor
676 1803 756 1847 ex
776 1785 1001 1848 animo
1024 1780 1445 1847 decutiendus
1470 1785 1616 1849 erit:

212 1875 389 1944 Nam
415 1899 523 1943 me
549 1873 675 1944 sive
700 1874 944 1953 tibi‚seu
969 1895 1032 1943 te
1056 1876 1204 1943 mihi
1229 1873 1527 1944 conferat
1551 1874 1743 1956 unda,

272 1974 557 2064 Semper
581 1995 701 2041 ero
722 1972 1045 2040 ambobus
1068 1971 1313 2041 subdita
1332 1969 1467 2041 sola
1494 1974 1695 2042 malis.

719 2072 1192 2136 Rusricus.
1640 2088 1734 2133 η.

209 2161 507 2233 Rusticus
538 2163 850 2254 impresso
872 2166 1144 2233 molitus
1166 2185 1438 2234 vomere
1465 2181 1734 2243 terram,

277 2259 686 2330 Thesaurum
708 2260 895 2330 sulcis
920 2258 1275 2353 prosiluisse
1297 2259 1484 2328 videt.

210 2358 386 2426 Mox
430 2357 553 2425 indi
559 2379 687 2447 gna
746 2362 970 2427 animo
1032 2376 1434 2451 properante
1474 2353 1735 2447 reliquit

488 2473 704 2522 aratra
731 2507 747 2532 ,
1177 2538 1182 2542 η

267 2549 532 2617 Semina
558 2548 971 2640 compellens
991 2547 1073 2618 ad
1101 2549 1377 2618 meliora
1401 2547 1621 2616 boves.

208 2644 551 2718 Continuo
571 2645 847 2741 supplex
873 2647 1166 2719 Telluris
1195 2642 1510 2717 construit
1542 2660 1690 2710 aras
1708 2691 1726 2718 ‚

1559 2736 1730 2830 Qae-
