1810 2947
564 112 1053 179 Fannia.
1495 110 1579 201 89

113 236 494 307 Exanimem
522 231 780 324 fingens
798 281 815 309 ‚
837 253 1128 322 corpore
1153 229 1365 326 lapsus
1383 230 1579 303 humi.

59 332 398 404 Continuo
417 331 628 423 praeda
643 334 909 421 cupiens
930 327 1066 398 fera
1088 328 1246 399 saeva
1267 335 1582 411 cucurrit,

107 436 190 500 Et
215 429 448 496 miserit
471 431 683 496 curvis
707 428 1030 517 unguibus
1049 426 1200 495 ante
1226 425 1421 496 levat:
1451 428 1580 521 (re,

54 528 313 595 Verum
333 528 439 593 ubi
458 547 777 593 concreto
794 529 1132 613 riguerunt
1152 525 1378 594 mebra
1395 547 1586 593 timo-

118 627 338 705 (Nam
364 621 587 689 solitus
622 626 855 688 mentis
881 623 1154 710 liquerat
1183 619 1315 688 offa
1342 621 1585 711 calor‚)

58 716 257 788 Plane
281 719 533 786 olidum
556 716 1590 806 creden5,quamvisjejuna,cada‚

125 811 473 887 Deserit&
503 811 706 881 lustris
729 815 1031 881 conditur
1052 813 1191 881 ursa
1213 812 1354 882 suis,
1419 823 1585 898 (ver,
1614 889 1618 893 .

63 912 195 979 Sed
214 915 350 1002 quil
372 912 571 978 securi
598 911 910 1001 paulatim
951 913 1015 977 in
1043 911 1237 980 verba
1263 911 1588 992 redissent,

105 1009 399 1076 Liberior
421 1006 585 1093 justo
606 1017 635 1083 ,“
653 1013 760 1095 qui
786 1005 900 1074 fuit
925 1004 1071 1075 ante
1093 1005 1293 1097 fugax
1317 1040 1332 1087 ;

65 1107 189 1175 Dic
209 1103 391 1173 fode„
415 1104 722 1192 quidnam
746 1104 1002 1194 trepido
1025 1103 1135 1171 tibi
1161 1105 1402 1174 rettulit
1427 1103 1586 1176 ursa:

130 1205 343 1284 (Nam
363 1198 611 1267 secreta
635 1201 694 1265 di
704 1224 743 1266 u
768 1202 1147 1309 multaque
1130 1202 1326 1270 Jerba
1348 1202 1589 1286 dedit.)

64 1300 323 1389 Magna
345 1296 609 1386 quidem
636 1300 889 1364 monuit
896 1318 1139 1377 ,tamen
1166 1297 1300 1367 haec
1324 1322 1589 1390 quoque

346 1396 630 1461 maxima
655 1389 864 1480 juffit,

131 1491 299 1580 Quae
323 1488 555 1556 misero
576 1487 829 1580 semper
851 1488 990 1557 sunt
1016 1486 1309 1559 facienda
1337 1490 1527 1559 mihi:

63 1588 169 1656 Ne
208 1585 394 1654 facile
417 1585 683 1653 alterius
706 1607 966 1675 repetas
992 1585 1358 1669 consortia,
1386 1590 1581 1671 dixit,

129 1680 372 1751 Rursus
393 1683 474 1751 ab
495 1680 710 1750 insana
734 1705 813 1748 ne
836 1687 1094 1774 capiare
1116 1680 1269 1754 fera.

671 1782 718 1846 E
742 1801 847 1863 Q}
873 1802 901 1844 E
928 1802 975 1848 s
1494 1801 1589 1850 io

65 1873 308 1945 Calvus
336 1894 540 1965 eques
582 1879 806 1968 capitis
828 1871 1051 1946 solitus
1086 1874 1364 1968 religare
1389 1878 1586 1970 capii·
1634 1926 1641 1932 =

27 1989 29 1991 ’
344 1973 491 2051 los,

127 2068 340 2159 Atque
361 2069 516 2138 alias
542 2068 720 2138 nudo
740 2075 985 2139 vertice
1009 2065 1184 2136 ferre
1207 2091 1360 2137 eom
1372 2092 1440 2138 as
1468 2123 1483 2148 ‚

63 2163 167 2233 Ad
190 2169 432 2257 campi]
454 2165 660 2234 nitidis
681 2170 853 2235 venit
879 2163 1261 2257 conspeclus
1283 2171 1344 2233 in
1367 2171 1592 2243 armis,

19 2315 24 2317 .
127 2264 200 2329 Et
225 2260 485 2331 facilem
508 2260 712 2331 frenis
736 2259 995 2330 flectere
1017 2267 1212 2354 eoepit
1238 2285 1502 2353 equum.
1611 2259 1614 2261 “

66 2358 275 2446 Hujus
295 2359 375 2427 ab
400 2355 670 2428 adverso
692 2361 915 2428 Boreae
942 2357 1286 2450 spiramina
1312 2359 1592 2450 perflant

124 2451 493 2521 Ridiculum
516 2456 767 2546 populo
791 2453 1226 2546 conspiciente
1244 2479 1484 2548 caput:

65 2549 242 2617 Nam
271 2571 430 2618 mox
455 2550 702 2640 dejecto
726 2555 911 2620 nituit
931 2549 1117 2620 frons
1137 2552 1306 2621 nuda
1329 2555 1586 2645 galero,

126 2645 429 2722 Discolor
446 2644 737 2743 apposita
760 2671 842 2742 qu
854 2645 1046 2811 aeFfuit
1069 2647 1217 2718 ante
1239 2671 1455 2724 coma
1469 2743 1550 2814 m

992 2760 1022 2834 5
1556 2767 1592 2813 e
