<?xml version="1.0" encoding="UTF-8"?>
<!DOCTYPE html PUBLIC "-//W3C//DTD XHTML 1.0 Transitional//EN"
    "http://www.w3.org/TR/xhtml1/DTD/xhtml1-transitional.dtd">
<html xmlns="http://www.w3.org/1999/xhtml" xml:lang="en" lang="en">
 <head>
  <title>
</title>
<meta http-equiv="Content-Type" content="text/html;charset=utf-8" />
  <meta name='ocr-system' content='tesseract 3.04.00' />
  <meta name='ocr-capabilities' content='ocr_page ocr_carea ocr_par ocr_line ocrx_word'/>
</head>
<body>
  <div class='ocr_page' id='page_1' title='image "./fabulsopigra00avie_0103.png"; bbox 0 0 1810 2947; ppageno 0'>
   <div class='ocr_carea' id='block_1_1' title="bbox 555 76 1551 166">
    <p class='ocr_par' dir='ltr' id='par_1_1' title="bbox 555 76 1551 166">
     <span class='ocr_line' id='line_1_1' title="bbox 555 76 1551 166; baseline -0.015 -21"><span class='ocrx_word' id='word_1_1' title='bbox 555 76 1040 145; x_wconf 57' lang='lat' dir='ltr'><strong>Fanum.</strong></span> <span class='ocrx_word' id='word_1_2' title='bbox 1466 94 1551 166; x_wconf 86' lang='lat'><strong>99</strong></span> 
     </span>
    </p>
   </div>
   <div class='ocr_carea' id='block_1_2' title="bbox 19 192 1552 2609">
    <p class='ocr_par' dir='ltr' id='par_1_2' title="bbox 19 192 1552 2609">
     <span class='ocr_line' id='line_1_2' title="bbox 26 192 1452 286; baseline -0.008 -13"><span class='ocrx_word' id='word_1_3' title='bbox 26 201 205 272; x_wconf 76' lang='lat' dir='ltr'><strong>Alter</strong></span> <span class='ocrx_word' id='word_1_4' title='bbox 232 197 519 270; x_wconf 87' lang='lat' dir='ltr'><strong>adoratis</strong></span> <span class='ocrx_word' id='word_1_5' title='bbox 538 215 609 268; x_wconf 92' lang='lat' dir='ltr'><strong>ut</strong></span> <span class='ocrx_word' id='word_1_6' title='bbox 635 193 837 265; x_wconf 89' lang='lat' dir='ltr'><strong>ferret</strong></span> <span class='ocrx_word' id='word_1_7' title='bbox 859 194 1126 264; x_wconf 88' lang='lat' dir='ltr'><strong>numina</strong></span> <span class='ocrx_word' id='word_1_8' title='bbox 1146 192 1410 286; x_wconf 87' lang='lat' dir='ltr'><strong>templis</strong></span> <span class='ocrx_word' id='word_1_9' title='bbox 1432 247 1452 278; x_wconf 89' lang='lat'>‚</span> 
     </span>
     <span class='ocr_line' id='line_1_3' title="bbox 82 289 1345 367; baseline -0.006 1"><span class='ocrx_word' id='word_1_10' title='bbox 82 297 403 367; x_wconf 89' lang='lat' dir='ltr'><strong>Redderet</strong></span> <span class='ocrx_word' id='word_1_11' title='bbox 428 290 492 363; x_wconf 87' lang='lat'>&amp;</span> <span class='ocrx_word' id='word_1_12' title='bbox 527 291 712 365; x_wconf 87' lang='lat' dir='ltr'><strong>sacro</strong></span> <span class='ocrx_word' id='word_1_13' title='bbox 734 292 949 363; x_wconf 89' lang='lat' dir='ltr'><strong>debita</strong></span> <span class='ocrx_word' id='word_1_14' title='bbox 978 309 1131 360; x_wconf 87' lang='lat' dir='ltr'><strong>vota</strong></span> <span class='ocrx_word' id='word_1_15' title='bbox 1154 289 1345 360; x_wconf 88' lang='lat' dir='ltr'><strong>loco.</strong></span> 
     </span>
     <span class='ocr_line' id='line_1_4' title="bbox 20 385 1552 484; baseline -0.001 -21"><span class='ocrx_word' id='word_1_16' title='bbox 20 397 248 476; x_wconf 88' lang='lat' dir='ltr'><strong>Nune,</strong></span> <span class='ocrx_word' id='word_1_17' title='bbox 282 396 407 473; x_wconf 89' lang='lat' dir='ltr'><strong>ait,</strong></span> <span class='ocrx_word' id='word_1_18' title='bbox 435 391 825 484; x_wconf 85' lang='lat' dir='ltr'><strong>ambiguum</strong></span> <span class='ocrx_word' id='word_1_19' title='bbox 850 443 868 471; x_wconf 89' lang='lat'>‚</span> <span class='ocrx_word' id='word_1_20' title='bbox 896 386 1093 459; x_wconf 89' lang='lat' dir='ltr'><strong>facies</strong></span> <span class='ocrx_word' id='word_1_21' title='bbox 1109 385 1190 455; x_wconf 88' lang='lat' dir='ltr'><strong>de</strong></span> <span class='ocrx_word' id='word_1_22' title='bbox 1220 388 1552 462; x_wconf 83' lang='lat' dir='ltr'><strong>mercibus</strong></span> 
     </span>
     <span class='ocr_line' id='line_1_5' title="bbox 303 510 535 566; baseline -0.009 -8"><span class='ocrx_word' id='word_1_23' title='bbox 303 510 535 566; x_wconf 89' lang='lat' dir='ltr'><strong>omen,</strong></span> 
     </span>
     <span class='ocr_line' id='line_1_6' title="bbox 77 579 1544 677; baseline -0.002 -22"><span class='ocrx_word' id='word_1_24' title='bbox 77 588 306 677; x_wconf 82' lang='lat' dir='ltr'><strong>Quum</strong></span> <span class='ocrx_word' id='word_1_25' title='bbox 327 585 469 677; x_wconf 87' lang='lat' dir='ltr'><strong>spes</strong></span> <span class='ocrx_word' id='word_1_26' title='bbox 489 589 552 652; x_wconf 90' lang='lat' dir='ltr'><strong>in</strong></span> <span class='ocrx_word' id='word_1_27' title='bbox 570 586 856 675; x_wconf 87' lang='lat' dir='ltr'><strong>pretium</strong></span> <span class='ocrx_word' id='word_1_28' title='bbox 876 603 1151 650; x_wconf 89' lang='lat' dir='ltr'><strong>munera</strong></span> <span class='ocrx_word' id='word_1_29' title='bbox 1173 579 1376 673; x_wconf 80' lang='lat' dir='ltr'>dispar</span> <span class='ocrx_word' id='word_1_30' title='bbox 1391 587 1544 677; x_wconf 82' lang='lat' dir='ltr'><strong>agit:</strong></span> 
     </span>
     <span class='ocr_line' id='line_1_7' title="bbox 20 677 1400 759; baseline -0.001 -9"><span class='ocrx_word' id='word_1_31' title='bbox 20 685 96 754; x_wconf 85' lang='lat' dir='ltr'><strong>Et</strong></span> <span class='ocrx_word' id='word_1_32' title='bbox 120 706 228 751; x_wconf 88' lang='lat' dir='ltr'><strong>me</strong></span> <span class='ocrx_word' id='word_1_33' title='bbox 253 678 562 751; x_wconf 66' lang='lat' dir='ltr'><strong>defundiis</strong></span> <span class='ocrx_word' id='word_1_34' title='bbox 582 679 693 750; x_wconf 90' lang='lat' dir='ltr'><strong>seu</strong></span> <span class='ocrx_word' id='word_1_35' title='bbox 716 681 901 749; x_wconf 83' lang='lat' dir='ltr'><strong>malis</strong></span> <span class='ocrx_word' id='word_1_36' title='bbox 925 680 1184 749; x_wconf 84' lang='lat' dir='ltr'><strong>tradere</strong></span> <span class='ocrx_word' id='word_1_37' title='bbox 1204 677 1360 749; x_wconf 89' lang='lat' dir='ltr'><strong>divis</strong></span> <span class='ocrx_word' id='word_1_38' title='bbox 1382 733 1400 759; x_wconf 96' lang='lat'>‚</span> 
     </span>
     <span class='ocr_line' id='line_1_8' title="bbox 90 772 1394 856; baseline -0.004 -9"><span class='ocrx_word' id='word_1_39' title='bbox 90 782 242 849; x_wconf 91' lang='lat' dir='ltr'><strong>Sive</strong></span> <span class='ocrx_word' id='word_1_40' title='bbox 265 781 467 848; x_wconf 87' lang='lat' dir='ltr'><strong>decus</strong></span> <span class='ocrx_word' id='word_1_41' title='bbox 487 776 675 856; x_wconf 87' lang='lat' dir='ltr'><strong>busti,</strong></span> <span class='ocrx_word' id='word_1_42' title='bbox 701 775 809 846; x_wconf 89' lang='lat' dir='ltr'><strong>seu</strong></span> <span class='ocrx_word' id='word_1_43' title='bbox 832 779 988 845; x_wconf 88' lang='lat' dir='ltr'><strong>velis</strong></span> <span class='ocrx_word' id='word_1_44' title='bbox 1008 772 1133 843; x_wconf 84' lang='lat' dir='ltr'><strong>effe</strong></span> <span class='ocrx_word' id='word_1_45' title='bbox 1159 778 1394 844; x_wconf 87' lang='lat' dir='ltr'><strong>Deum.</strong></span> 
     </span>
     <span class='ocr_line' id='line_1_9' title="bbox 21 872 1548 968; baseline -0.004 -19"><span class='ocrx_word' id='word_1_46' title='bbox 21 876 292 949; x_wconf 84' lang='lat' dir='ltr'>Subdita</span> <span class='ocrx_word' id='word_1_47' title='bbox 332 897 618 968; x_wconf 86' lang='lat' dir='ltr'><strong>namque</strong></span> <span class='ocrx_word' id='word_1_48' title='bbox 656 875 774 943; x_wconf 83' lang='lat' dir='ltr'><strong>tibi</strong></span> <span class='ocrx_word' id='word_1_49' title='bbox 802 872 891 942; x_wconf 90' lang='lat' dir='ltr'><strong>est</strong></span> <span class='ocrx_word' id='word_1_50' title='bbox 931 875 1150 965; x_wconf 83' lang='lat' dir='ltr'><strong>magni</strong></span> <span class='ocrx_word' id='word_1_51' title='bbox 1190 875 1548 955; x_wconf 85' lang='lat' dir='ltr'><strong>reverentia</strong></span> 
     </span>
     <span class='ocr_line' id='line_1_10' title="bbox 305 970 1517 1052; baseline -0.002 -12"><span class='ocrx_word' id='word_1_52' title='bbox 305 970 448 1042; x_wconf 59' lang='lat' dir='ltr'><strong>faeti</strong></span> <span class='ocrx_word' id='word_1_53' title='bbox 470 1025 487 1052; x_wconf 93' lang='lat'>,</span> <span class='ocrx_word' id='word_1_54' title='bbox 1514 998 1517 1001; x_wconf 93' lang='lat'>·</span> 
     </span>
     <span class='ocr_line' id='line_1_11' title="bbox 75 1064 1549 1161; baseline -0.002 -23"><span class='ocrx_word' id='word_1_55' title='bbox 75 1072 290 1161; x_wconf 82' lang='lat' dir='ltr'>Atque</span> <span class='ocrx_word' id='word_1_56' title='bbox 316 1069 547 1149; x_wconf 81' lang='lat' dir='ltr'><strong>eadem</strong></span> <span class='ocrx_word' id='word_1_57' title='bbox 573 1069 814 1135; x_wconf 86' lang='lat' dir='ltr'><strong>retines</strong></span> <span class='ocrx_word' id='word_1_58' title='bbox 841 1064 1070 1134; x_wconf 84' lang='lat' dir='ltr'><strong>funera</strong></span> <span class='ocrx_word' id='word_1_59' title='bbox 1092 1067 1307 1137; x_wconf 91' lang='lat' dir='ltr'><strong>nostra</strong></span> <span class='ocrx_word' id='word_1_60' title='bbox 1332 1090 1549 1138; x_wconf 88' lang='lat' dir='ltr'><strong>manu.</strong></span> 
     </span>
     <span class='ocr_line' id='line_1_12' title="bbox 23 1160 1552 1259; baseline 0.001 -25"><span class='ocrx_word' id='word_1_61' title='bbox 23 1167 345 1237; x_wconf 90' lang='lat' dir='ltr'><strong>Convenit</strong></span> <span class='ocrx_word' id='word_1_62' title='bbox 384 1165 514 1234; x_wconf 87' lang='lat' dir='ltr'><strong>hoe</strong></span> <span class='ocrx_word' id='word_1_63' title='bbox 554 1165 678 1234; x_wconf 88' lang='lat' dir='ltr'><strong>illis</strong></span> <span class='ocrx_word' id='word_1_64' title='bbox 715 1164 948 1255; x_wconf 86' lang='lat' dir='ltr'><strong>quibus</strong></span> <span class='ocrx_word' id='word_1_65' title='bbox 972 1160 1061 1230; x_wconf 88' lang='lat' dir='ltr'><strong>est</strong></span> <span class='ocrx_word' id='word_1_66' title='bbox 1095 1162 1398 1254; x_wconf 74' lang='lat' dir='ltr'><strong>permissa</strong></span> <span class='ocrx_word' id='word_1_67' title='bbox 1434 1186 1552 1259; x_wconf 90' lang='lat' dir='ltr'><strong>po-</strong></span> 
     </span>
     <span class='ocr_line' id='line_1_13' title="bbox 294 1259 487 1330; baseline -0.01 0"><span class='ocrx_word' id='word_1_68' title='bbox 294 1259 487 1330; x_wconf 87' lang='lat' dir='ltr'><strong>testas</strong></span> 
     </span>
     <span class='ocr_line' id='line_1_14' title="bbox 89 1351 1374 1452; baseline 0 -24"><span class='ocrx_word' id='word_1_69' title='bbox 89 1362 186 1428; x_wconf 82' lang='lat' dir='ltr'><strong>An</strong></span> <span class='ocrx_word' id='word_1_70' title='bbox 210 1353 511 1452; x_wconf 73' lang='lat' dir='ltr'><strong>prodesse</strong></span> <span class='ocrx_word' id='word_1_71' title='bbox 531 1357 691 1438; x_wconf 80' lang='lat' dir='ltr'><strong>aliis,</strong></span> <span class='ocrx_word' id='word_1_72' title='bbox 722 1356 826 1426; x_wconf 89' lang='lat' dir='ltr'><strong>vel</strong></span> <span class='ocrx_word' id='word_1_73' title='bbox 850 1351 1136 1425; x_wconf 80' lang='lat' dir='ltr'><strong>nocuisse</strong></span> <span class='ocrx_word' id='word_1_74' title='bbox 1163 1357 1374 1428; x_wconf 87' lang='lat' dir='ltr'><strong>velint.</strong></span> 
     </span>
     <span class='ocr_line' id='line_1_15' title="bbox 380 1449 1546 1546; baseline -0.001 -25"><span class='ocrx_word' id='word_1_75' title='bbox 380 1449 1186 1532; x_wconf 62' lang='grc' dir='ltr'><strong>νεΝΑτοκὸεΙΛῑο.</strong></span> <span class='ocrx_word' id='word_1_76' title='bbox 1363 1506 1366 1509; x_wconf 87' lang='grc'><em>.</em></span> <span class='ocrx_word' id='word_1_77' title='bbox 1444 1472 1546 1546; x_wconf 83' lang='lat'><strong>24.</strong></span> 
     </span>
     <span class='ocr_line' id='line_1_16' title="bbox 24 1546 1551 1643; baseline 0.001 -22"><span class='ocrx_word' id='word_1_78' title='bbox 24 1552 382 1622; x_wconf 82' lang='lat' dir='ltr'><strong>Certamen</strong></span> <span class='ocrx_word' id='word_1_79' title='bbox 417 1547 623 1643; x_wconf 64' lang='lat' dir='ltr'><strong>longa</strong></span> <span class='ocrx_word' id='word_1_80' title='bbox 661 1546 1064 1643; x_wconf 65' lang='lat' dir='ltr'><strong>protradium</strong></span> <span class='ocrx_word' id='word_1_81' title='bbox 1090 1549 1198 1621; x_wconf 90' lang='lat' dir='ltr'><strong>lite</strong></span> <span class='ocrx_word' id='word_1_82' title='bbox 1230 1549 1551 1643; x_wconf 86' lang='lat' dir='ltr'><strong>gerebant</strong></span> 
     </span>
     <span class='ocr_line' id='line_1_17' title="bbox 82 1647 1441 1740; baseline -0.001 -24"><span class='ocrx_word' id='word_1_83' title='bbox 82 1652 387 1717; x_wconf 89' lang='lat' dir='ltr'><strong>Venator</strong></span> <span class='ocrx_word' id='word_1_84' title='bbox 420 1647 780 1740; x_wconf 84' lang='lat' dir='ltr'><strong>quondam,</strong></span> <span class='ocrx_word' id='word_1_85' title='bbox 805 1647 1042 1716; x_wconf 88' lang='lat' dir='ltr'><strong>nobilis</strong></span> <span class='ocrx_word' id='word_1_86' title='bbox 1063 1666 1259 1738; x_wconf 89' lang='lat' dir='ltr'><strong>atque</strong></span> <span class='ocrx_word' id='word_1_87' title='bbox 1285 1650 1441 1717; x_wconf 86' lang='lat' dir='ltr'><strong>Leo.</strong></span> 
     </span>
     <span class='ocr_line' id='line_1_18' title="bbox 19 1744 1550 1836; baseline 0 -22"><span class='ocrx_word' id='word_1_88' title='bbox 19 1747 105 1814; x_wconf 87' lang='lat' dir='ltr'><strong>Hi</strong></span> <span class='ocrx_word' id='word_1_89' title='bbox 123 1767 331 1835; x_wconf 89' lang='lat' dir='ltr'><strong>quum</strong></span> <span class='ocrx_word' id='word_1_90' title='bbox 351 1763 747 1836; x_wconf 85' lang='lat' dir='ltr'><strong>perpetuum</strong></span> <span class='ocrx_word' id='word_1_91' title='bbox 764 1762 1080 1836; x_wconf 87' lang='lat' dir='ltr'><strong>cuperent</strong></span> <span class='ocrx_word' id='word_1_92' title='bbox 1099 1748 1381 1836; x_wconf 75' lang='lat' dir='ltr'><strong>injurgia</strong></span> <span class='ocrx_word' id='word_1_93' title='bbox 1398 1744 1550 1829; x_wconf 66' lang='lat' dir='ltr'><strong>fine,</strong></span> 
     </span>
     <span class='ocr_line' id='line_1_19' title="bbox 78 1837 1365 1933; baseline -0.002 -23"><span class='ocrx_word' id='word_1_94' title='bbox 78 1844 256 1910; x_wconf 87' lang='lat' dir='ltr'><strong>Edita</strong></span> <span class='ocrx_word' id='word_1_95' title='bbox 278 1838 597 1910; x_wconf 81' lang='lat' dir='ltr'><strong>continuo</strong></span> <span class='ocrx_word' id='word_1_96' title='bbox 621 1837 794 1908; x_wconf 78' lang='lat' dir='ltr'><strong>forte</strong></span> <span class='ocrx_word' id='word_1_97' title='bbox 816 1838 1110 1933; x_wconf 86' lang='lat' dir='ltr'><strong>sepulcra</strong></span> <span class='ocrx_word' id='word_1_98' title='bbox 1134 1842 1365 1910; x_wconf 88' lang='lat' dir='ltr'><strong>vident.</strong></span> 
     </span>
     <span class='ocr_line' id='line_1_20' title="bbox 20 1934 1547 2008; baseline 0.002 -3"><span class='ocrx_word' id='word_1_99' title='bbox 20 1937 165 2007; x_wconf 84' lang='lat' dir='ltr'><strong>Illic</strong></span> <span class='ocrx_word' id='word_1_100' title='bbox 188 1935 375 2007; x_wconf 55' lang='lat' dir='ltr'><strong>doeia</strong></span> <span class='ocrx_word' id='word_1_101' title='bbox 397 1960 629 2007; x_wconf 73' lang='lat' dir='ltr'><strong>manus</strong></span> <span class='ocrx_word' id='word_1_102' title='bbox 651 1934 1026 2006; x_wconf 65' lang='lat' dir='ltr'><strong>sset‘ientem</strong></span> <span class='ocrx_word' id='word_1_103' title='bbox 1047 1940 1222 2008; x_wconf 87' lang='lat' dir='ltr'><strong>colla</strong></span> <span class='ocrx_word' id='word_1_104' title='bbox 1247 1941 1547 2008; x_wconf 86' lang='lat' dir='ltr'><strong>Leonem</strong></span> 
     </span>
     <span class='ocr_line' id='line_1_21' title="bbox 87 2033 1313 2126; baseline -0.003 -24"><span class='ocrx_word' id='word_1_105' title='bbox 87 2037 352 2103; x_wconf 84' lang='lat' dir='ltr'><strong>Fecerat</strong></span> <span class='ocrx_word' id='word_1_106' title='bbox 372 2037 436 2102; x_wconf 91' lang='lat' dir='ltr'><strong>in</strong></span> <span class='ocrx_word' id='word_1_107' title='bbox 458 2038 718 2126; x_wconf 84' lang='lat' dir='ltr'><strong>gremio</strong></span> <span class='ocrx_word' id='word_1_108' title='bbox 741 2033 1159 2125; x_wconf 72' lang='lat' dir='ltr'><strong>procubuisse</strong></span> <span class='ocrx_word' id='word_1_109' title='bbox 1182 2039 1313 2102; x_wconf 84' lang='lat' dir='ltr'><strong>viri.</strong></span> 
     </span>
     <span class='ocr_line' id='line_1_22' title="bbox 20 2127 1482 2224; baseline -0.001 -24"><span class='ocrx_word' id='word_1_110' title='bbox 20 2131 287 2202; x_wconf 88' lang='lat' dir='ltr'><strong>Scilicet</strong></span> <span class='ocrx_word' id='word_1_111' title='bbox 306 2127 644 2200; x_wconf 88' lang='lat' dir='ltr'><strong>affirmans</strong></span> <span class='ocrx_word' id='word_1_112' title='bbox 670 2128 918 2224; x_wconf 60' lang='lat' dir='ltr'><strong>pictura</strong></span> <span class='ocrx_word' id='word_1_113' title='bbox 940 2128 1098 2200; x_wconf 88' lang='lat' dir='ltr'><strong>teste</strong></span> <span class='ocrx_word' id='word_1_114' title='bbox 1134 2128 1482 2223; x_wconf 84' lang='lat' dir='ltr'><strong>superbum</strong></span> 
     </span>
     <span class='ocr_line' id='line_1_23' title="bbox 84 2225 1541 2299; baseline -0.002 -4"><span class='ocrx_word' id='word_1_115' title='bbox 84 2229 171 2296; x_wconf 91' lang='lat' dir='ltr'><strong>Se</strong></span> <span class='ocrx_word' id='word_1_116' title='bbox 191 2225 738 2297; x_wconf 65' lang='lat' dir='ltr'><strong>fieri1exstindtam</strong></span> <span class='ocrx_word' id='word_1_117' title='bbox 766 2250 917 2296; x_wconf 86' lang='lat' dir='ltr'><strong>nam</strong></span> <span class='ocrx_word' id='word_1_118' title='bbox 944 2229 1139 2296; x_wconf 87' lang='lat' dir='ltr'><strong>docet</strong></span> <span class='ocrx_word' id='word_1_119' title='bbox 1163 2227 1289 2296; x_wconf 82' lang='lat' dir='ltr'><strong>effe</strong></span> <span class='ocrx_word' id='word_1_120' title='bbox 1312 2226 1541 2299; x_wconf 88' lang='lat' dir='ltr'><strong>feram.</strong></span> 
     </span>
     <span class='ocr_line' id='line_1_24' title="bbox 23 2322 1547 2416; baseline 0.004 -26"><span class='ocrx_word' id='word_1_121' title='bbox 23 2322 141 2393; x_wconf 88' lang='lat' dir='ltr'><strong>Ille</strong></span> <span class='ocrx_word' id='word_1_122' title='bbox 158 2344 391 2413; x_wconf 83' lang='lat' dir='ltr'><strong>graves</strong></span> <span class='ocrx_word' id='word_1_123' title='bbox 404 2325 641 2394; x_wconf 87' lang='lat' dir='ltr'><strong>oculos</strong></span> <span class='ocrx_word' id='word_1_124' title='bbox 657 2325 739 2392; x_wconf 90' lang='lat' dir='ltr'><strong>ad</strong></span> <span class='ocrx_word' id='word_1_125' title='bbox 758 2329 970 2394; x_wconf 85' lang='lat' dir='ltr'><strong>inania</strong></span> <span class='ocrx_word' id='word_1_126' title='bbox 987 2322 1165 2416; x_wconf 76' lang='lat' dir='ltr'><strong>signa</strong></span> <span class='ocrx_word' id='word_1_127' title='bbox 1183 2337 1547 2416; x_wconf 75' lang='lat' dir='ltr'><strong>retorqueS‚</strong></span> 
     </span>
     <span class='ocr_line' id='line_1_25' title="bbox 84 2416 1509 2513; baseline 0.002 -26"><span class='ocrx_word' id='word_1_128' title='bbox 84 2416 380 2490; x_wconf 89' lang='lat' dir='ltr'><strong>Infremit</strong></span> <span class='ocrx_word' id='word_1_129' title='bbox 397 2473 413 2500; x_wconf 93' lang='lat'><strong>,</strong></span> <span class='ocrx_word' id='word_1_130' title='bbox 449 2418 510 2490; x_wconf 75' lang='lat'><strong>8&lt;</strong></span> <span class='ocrx_word' id='word_1_131' title='bbox 538 2419 765 2490; x_wconf 91' lang='lat' dir='ltr'><strong>rabido</strong></span> <span class='ocrx_word' id='word_1_132' title='bbox 788 2419 1055 2513; x_wconf 65' lang='lat' dir='ltr'><strong>pectore</strong></span> <span class='ocrx_word' id='word_1_133' title='bbox 1078 2423 1274 2492; x_wconf 87' lang='lat' dir='ltr'><strong>verba</strong></span> <span class='ocrx_word' id='word_1_134' title='bbox 1297 2421 1509 2494; x_wconf 70' lang='lat' dir='ltr'><strong>deditz</strong></span> 
     </span>
     <span class='ocr_line' id='line_1_26' title="bbox 19 2515 1310 2609; baseline 0.002 -24"><span class='ocrx_word' id='word_1_135' title='bbox 19 2519 208 2586; x_wconf 81' lang='lat' dir='ltr'><strong>Irrita</strong></span> <span class='ocrx_word' id='word_1_136' title='bbox 228 2535 296 2585; x_wconf 89' lang='lat' dir='ltr'><strong>te</strong></span> <span class='ocrx_word' id='word_1_137' title='bbox 318 2520 582 2609; x_wconf 85' lang='lat' dir='ltr'><strong>generis</strong></span> <span class='ocrx_word' id='word_1_138' title='bbox 614 2515 795 2587; x_wconf 87' lang='lat' dir='ltr'><strong>subiit</strong></span> <span class='ocrx_word' id='word_1_139' title='bbox 815 2516 1051 2588; x_wconf 85' lang='lat' dir='ltr'><strong>fiducia</strong></span> <span class='ocrx_word' id='word_1_140' title='bbox 1076 2518 1266 2588; x_wconf 88' lang='lat' dir='ltr'><strong>vestri</strong></span> <span class='ocrx_word' id='word_1_141' title='bbox 1294 2572 1310 2598; x_wconf 92' lang='lat'><strong>,</strong></span> 
     </span>
    </p>
   </div>
   <div class='ocr_carea' id='block_1_3' title="bbox 88 2610 1554 2804">
    <p class='ocr_par' dir='ltr' id='par_1_3' title="bbox 88 2610 1554 2804">
     <span class='ocr_line' id='line_1_27' title="bbox 88 2610 1376 2705; baseline -0.002 -21"><span class='ocrx_word' id='word_1_142' title='bbox 88 2610 368 2692; x_wconf 84' lang='lat' dir='ltr'><strong>Artificis</strong></span> <span class='ocrx_word' id='word_1_143' title='bbox 389 2612 622 2689; x_wconf 82' lang='lat' dir='ltr'><strong>testem</strong></span> <span class='ocrx_word' id='word_1_144' title='bbox 645 2611 689 2686; x_wconf 86' lang='lat' dir='ltr'><strong>fi</strong></span> <span class='ocrx_word' id='word_1_145' title='bbox 712 2618 896 2705; x_wconf 86' lang='lat' dir='ltr'><strong>cupis</strong></span> <span class='ocrx_word' id='word_1_146' title='bbox 918 2613 1048 2688; x_wconf 86' lang='lat' dir='ltr'><strong>effe</strong></span> <span class='ocrx_word' id='word_1_147' title='bbox 1069 2638 1376 2688; x_wconf 87' lang='lat' dir='ltr'><strong>manum.</strong></span> 
     </span>
     <span class='ocr_line' id='line_1_28' title="bbox 118 2706 1554 2804; baseline -0.002 -23"><span class='ocrx_word' id='word_1_148' title='bbox 118 2764 121 2767; x_wconf 86' lang='lat'>-</span> <span class='ocrx_word' id='word_1_149' title='bbox 792 2708 858 2782; x_wconf 85' lang='lat' dir='ltr'>G</span> <span class='ocrx_word' id='word_1_150' title='bbox 894 2733 935 2777; x_wconf 70' lang='lat' dir='ltr'>z</span> <span class='ocrx_word' id='word_1_151' title='bbox 1346 2706 1554 2804; x_wconf 76' lang='lat' dir='ltr'><strong>Quod</strong></span> 
     </span>
    </p>
   </div>
  </div>
 </body>
</html>
