1810 2947
532 59 1022 155 FABULAE'.
1438 111 1556 185 103,

85 209 367 304 Hospitis
390 202 626 276 eximia
647 206 980 277 sedulitate
1004 204 1162 277 frui.
1277 208 1551 299 (vitam,

26 308 359 402 (Namque
399 306 489 373 illi
531 303 863 398 agrestem
904 309 1171 397 cupiens
1207 303 1555 377 ostendere

74 406 426 496 Sylvarum
447 401 734 471 referens
753 405 1002 494 optima
1019 423 1291 493 quaeque
1311 401 1503 474 dabat
1507 412 1554 489 ‚)

27 501 279 573 Obtulit
306 498 369 569 &
391 500 606 569 calido
626 500 894 591 plenum
919 520 1171 568 cratera
1198 501 1389 591 lyaee,

86 603 286 667 Laxet
312 618 379 666 ut
401 594 641 665 infusus
661 594 893 687 frigida
918 594 1214 664 membra
1236 615 1464 685 tepor:

22 698 143 769 Ille
168 697 271 764 ubi
309 692 674 761 ferventem
698 695 888 763 labris
907 697 1293 783 contingere
1318 692 1550 764 testam

85 792 638 881 Horruit‚algenti
660 784 868 858 sufflat
890 790 969 857 ab
994 812 1113 856 ore
1134 789 1308 879 gelu.
1352 787 1549 883 (spes,

24 889 376 979 Obstupuit
417 888 655 978 duplici
679 885 976 955 monstro
1013 887 1397 977 perterritus
1438 887 1550 957 ho-

87 990 163 1055 Et
185 983 440 1077 pulsum
463 982 649 1074 sylvis
673 979 931 1074 longius
956 983 1262 1070 irejubet.
1490 1044 1493 1048 ,

22 1084 423 1160 Nolo,ait,ut
446 1078 675 1148 nostris
704 1088 920 1170 unque}
943 1077 1301 1147 successerit
1325 1084 1544 1161 antris,

85 1183 260 1251 Tam
286 1175 531 1245 diversa
555 1178 688 1245 duo
710 1181 819 1267 qui
841 1175 1020 1245 fimul
1048 1199 1165 1244 ore
1188 1174 1373 1245 ferat.

271 1278 711 1341 V1tticus
760 1271 822 1341 8<
874 1276 1313 1342 pommus.
1447 1294 1547 1361 30.

21 1368 409 1440 Vastantem
439 1368 691 1458 segetes
729 1367 790 1438 8<
816 1374 1079 1461 pinguia
1115 1372 1289 1438 culta
1316 1380 1548 1438 ruente

84 1470 394 1558 Liquerat
416 1461 672 1535 abscissa
698 1465 968 1534 rusticus
987 1488 1147 1534 aure
1165 1464 1380 1534 suem:

19 1566 113 1633 Ut
156 1585 420 1634 memor
460 1568 710 1656 accepti
767 1561 1057 1631 referens
1116 1578 1549 1631 monumenta

304 1659 552 1727 doloris
731 1721 735 1725 .

86 1755 379 1823 Ulterius
402 1759 640 1823 teneris
667 1774 965 1846 parceret
989 1754 1097 1822 illa
1128 1754 1290 1823 satis.

20 1849 266 1920 Rursus
287 1856 348 1919 in
369 1856 625 1944 excepti
659 1849 1004 1944 deprensus
1025 1855 1298 1919 crimine
1331 1854 1548 1944 campi

6 1947 14 1954 ⁸
85 1948 366 2016 Perdidit
389 1948 645 2018 indultae
679 1947 964 2039 perfidus
986 1953 1156 2016 auris
1181 1971 1367 2016 onus.

21 2046 165 2119 Nee
207 2067 444 2121 mora,
505 2043 817 2136 praedietae
858 2041 1058 2190 segeti
1100 2065 1297 2137 caput
1334 2042 1547 2114 intulit

304 2140 617 2220 horrens,

82 2232 281 2315 Poena
315 2234 418 2303 sed
441 2239 776 2328 indignum
803 2236 981 2327 quod
1003 2241 1333 2326 geminata
1374 2233 1554 2304 facin

24 2334 219 2413 Tunc
245 2335 493 2401 domini
530 2355 799 2426 captum
843 2331 1075 2401 meniis
1121 2333 1293 2403 dedit
1318 2332 1424 2401 ille
1450 2330 1549 2399 su

298 2429 550 2538 perbi8‚

58 2524 153 2602 &In
173 2528 387 2594 varias
410 2525 637 2617 epulas
658 2526 941 2616 plurima
965 2521 1165 2595 frusta
1187 2524 1437 2592 secans,

19 2618 147 2689 Sed
166 2643 372 2712 quum
393 2619 718 2693 consumti
738 2621 1043 2692 dominus
1077 2643 1196 2692 cor
1224 2638 1548 2712 quaereret

302 2720 486 2810 apri,
887 2721 948 2785 G
996 2745 1040 2804 4
1418 2716 1548 2783 Im-
